2774 4860
320 361 541 428 CIVILIS
584 359 762 428 BELLI
782 411 784 415 ,
806 359 918 427 LIB.
953 362 1003 428 11.

115 534 335 619 Miraturque
341 536 479 599 malum.
524 534 644 599 Cultus
658 539 813 600 matrona
826 530 958 618 priores

112 645 304 729 Deposuit:
327 651 527 730 moestaeque
542 650 656 710 tenent
672 645 813 710 delubra
827 650 985 710 catervae.

111 759 181 824 Hae
197 760 357 841 lacrymis
374 752 528 842 sparse're
548 757 655 832 Deos,
671 756 725 820 hae
740 761 881 839 pectora
896 753 980 820 duro

108 866 271 932 Afflixere
286 869 382 933 solo:
405 869 604 950 lacerasque
619 868 655 929 in
669 867 783 930 limine
799 885 898 930 sacro

10 969 12 975 ’
110 978 276 1044 Attonitae
292 978 409 1042 fudere
425 997 561 1041 comas:
583 977 741 1059 votisque
755 977 874 1040 vocari

114 1088 284 1152 Assuetas
300 1089 427 1152 crebris
442 1087 564 1151 feriunt
577 1087 762 1150 ululatibus
778 1105 887 1149 aures.
915 1156 917 1160 Α

47 1273 51 1277 ,
112 1197 190 1263 Nec
207 1205 340 1263 cunctae
357 1199 479 1263 summi
493 1198 620 1280 templo
635 1197 774 1280 jacuere
789 1195 973 1260 Tonantis:

111 1307 269 1372 Divisere
285 1309 399 1373 Deos:
423 1314 457 1373 et
473 1309 576 1371 nullis
592 1307 699 1371 defuit
713 1308 781 1371 aris

111 1418 281 1483 Invidiam
296 1419 428 1482 factura
442 1421 587 1501 parens:
611 1437 752 1500 quarum
765 1437 835 1480 una
854 1416 1029 1483 madentes
1076 1503 1077 1506 Ἴ

112 1527 232 1593 Scissa
247 1549 362 1610 genaS,
378 1529 520 1611 planctu
534 1527 677 1590 liventes
693 1531 766 1590 atra
779 1527 955 1604 lacertoS„

111 1636 226 1714 Nunc,
244 1639 302 1714 ait,
319 1659 340 1702 o
357 1640 490 1701 miserae
507 1635 702 1700 contundite
718 1622 859 1718 pectora
878 1641 1030 1714 matreS,

112 1745 215 1812 Nunc
231 1748 356 1812 laniate
373 1766 502 1822 comas,
518 1757 604 1810 neve
618 1744 707 1808 hunc
724 1743 852 1809 differte
868 1746 1031 1823 dolorem,

111 1856 160 1921 Et
171 1859 312 1921 suminis
328 1862 458 1922 servate
473 1856 593 1920 malis:
616 1873 705 1916 nunc
720 1853 799 1917 flere
814 1860 967 1938 potestas
991 1870 994 1876 ·

112 1967 205 2031 Dum
220 1968 346 2050 pendet
359 1967 494 2033 fortuna
509 1966 652 2033 ducum:
676 1983 752 2026 cum
767 1964 887 2028 vicerit
901 1966 995 2043 alter,

111 2076 340 2141 Gaudendum
354 2082 416 2141 est.
438 2077 492 2140 his
508 2096 545 2140 se
560 2073 705 2139 stimulis
721 2073 818 2138 dolor
832 2074 907 2157 ipse
922 2076 1071 2142 lacessit.

113 2185 190 2252 Nec
205 2207 275 2250 non
289 2187 391 2262 bella,
406 2186 482 2261 viri,
499 2185 700 2266 diversaque
716 2189 828 2248 castra
842 2191 995 2269 petentes

112 2296 298 2362 Effrmdunt
307 2298 420 2381 justas
438 2296 474 2359 in
487 2295 626 2359 numina
640 2312 735 2358 saeva
749 2295 936 2375 querelas..

113 2404 143 2468 Ο
159 2406 293 2470 miserae
309 2407 421 2482 sortis,
438 2405 531 2488 quod
545 2425 613 2468 non
627 2404 663 2467 in
678 2403 811 2468 Punica
825 2407 896 2470 nati

111 2496 285 2600 Tempora
299 2514 490 2580 Cannarum
504 2515 641 2590 suimuS,
657 2513 871 2597 Trebiaeque,
882 2516 1055 2600 juventus,

113 2624 197 2688 Non
211 2646 333 2709 pacem
347 2627 494 2708 petimus
510 2624 650 2706 Superi:
674 2623 751 2687 date
766 2626 922 2705 gentibus
936 2628 1023 2691 iras:
1096 2679 1106 2692 .

143 2773 175 2820 31
186 2770 299 2834 Adfixere.
348 2775 378 2819 31
392 2772 469 2819 limite.
516 2773 548 2818 32
558 2771 657 2831 precari.
698 2772 834 2826 dicamas.
900 2775 933 2820 lo
945 2772 1000 2821 Nec.
1050 2776 1082 2819 41
1094 2774 1149 2820 dam
1160 2775 1202 2821 vic.

146 2900 186 2946 28.
205 2897 287 2946 Cultus
295 2901 405 2954 mo'trorm,
414 2897 472 2960 dre]
498 2898 591 2958 Sicjam
603 2912 650 2942 ma·
674 2911 743 2956 supra
759 2898 862 2946 monuil
883 2903 906 2946 1.
920 2916 981 2948 vers.
996 2902 1051 2950 252.
1072 2901 1209 2976 quandoque

111 2971 162 3012 tres
183 2964 257 3009 vestis
281 2964 415 3018 mutatione,
439 2964 541 3025 planctu,
567 2977 648 3022 sparso
674 2976 716 3021 pro
727 2963 833 3022 negativa
849 2966 994 3025 praecedente
1005 2965 1133 3026 negatione
1146 2967 1208 3026 quod

112 3028 185 3082 crine,
196 3027 269 3082 luctu,
280 3028 449 3088 supplicatrone
461 3028 565 3074 dolorem
576 3025 650 3072 veluti
673 3032 752 3071 nostro
763 3027 880 3083 usrtatbm
897 3029 936 3074 inf
938 3044 957 3075 a
973 3045 1034 3076 vers.
1047 3031 1102 3077 235.
1122 3031 1164 3078 lib
1182 3033 1206 3079 5.

112 3093 137 3139 in
148 3091 244 3152 publica
253 3093 382 3138 calamitate
394 3097 513 3139 testantur.
675 3106 734 3136 vers.
746 3092 803 3137 542.

147 3160 187 3205 31.
205 3154 313 3218 Affliaere
326 3155 390 3217 solo]
408 3156 649 3216 Intemplissepros-
706 3157 746 3203 40.
765 3153 835 3203 Νιιιισ
848 3154 910 3218 flere
929 3165 1032 3218 potestas,
1052 3156 1109 3220 dte]
1142 3157 1208 3206 Licet

112 3227 213 3268 travere.
247 3221 377 3267 Gronovius
390 3221 447 3279 legit
461 3220 575 3282 Adfixere,
589 3219 649 3265 utin
673 3218 792 3280 indulgere
801 3220 908 3281 lacrymis
917 3230 940 3269 et
929 3174 1126 3269 podoloremluctn
1134 3221 1209 3278 fateri,

112 3285 186 3332 MSS.
193 3292 290 3344 quatuor
299 3285 392 3344 reperit.
405 3286 487 3344 Neque
497 3286 556 3331 enim
562 3285 649 3345 impetn
674 3283 774 3343 quandiu
781 3291 862 3330 neuter
873 3286 971 3345 vicerit;
981 3294 1005 3332 at
1016 3303 1068 3333 cum
1077 3286 1134 3333 alter
1145 3288 1208 3333 vice-

113 3367 140 3398 se
151 3349 310 3410 prosternendi
320 3366 327 3408 3
338 3350 380 3395 sed
389 3349 480 3395 decenti
489 3349 649 3404 submissione,
672 3348 712 3402 rit,
723 3348 760 3394 vel
771 3365 802 3395 ex
814 3349 888 3396 animo
897 3351 935 3396 vel
946 3351 1051 3400 simulate
1063 3352 1210 3412 gaudendum*

112 3422 138 3461 et
146 3413 336 3474 approximaudo,
343 3419 369 3459 ιιι
376 3412 468 3474 Apuleii
478 3415 548 3459 verbo
558 3419 649 3467 utendo
674 3421 717 3459 est.

112 3485 190 3533 terre,
204 3477 273 3539 inque
284 3493 313 3524 eo
327 3477 407 3523 babitu
420 3477 550 3538 aliquandiu
561 3492 649 3538 perma-
706 3479 746 3525 43.
760 3476 898 3541 Divertitque
906 3487 989 3533 castro,
998 3477 1056 3540 dre]
1073 3479 1208 3538 Alterutra3

112 3543 198 3596 nendo,
208 3541 379 3589 venerationem
389 3543 550 3590 monstrabant.
579 3542 649 3588 Silius
673 3541 714 3587 alii
726 3543 871 3602 Pompeiana,
879 3543 1067 3590 aliiCaesariana.

111 3607 188 3654 lib.1.
206 3604 318 3669 Adfigum
325 3621 392 3667 prom
387 3606 537 3668 squallentia
555 3605 650 3667 corporo
703 3611 744 3656 45.
764 3607 783 3652 0
803 3609 888 3653 misera
907 3609 980 3663 sortis,
997 3607 1053 3670 dcc]
1087 3609 1109 3654 0
1128 3569 1229 3659 felices..
1314 3648 1315 3651 ,

114 3680 191 3720 tenu.
673 3669 734 3725 illos,
745 3671 955 3732 quibuscontigere
971 3674 1048 3718 hostes
1064 3674 1162 3727 externi,
1172 3680 1209 3720 ut·

148 3737 188 3783 34.
207 3731 256 3781 Nec
270 3734 458 3789 cunderammi,
469 3733 527 3797 δια]
545 3733 650 3782 Divisere
673 3751 763 3795 cunque
774 3735 888 3789 crudeles
900 3744 923 3782 et
932 3737 1015 3798 qmbus
1025 3737 1084 3795 natis
1104 3743 1207 3797 tempora

115 3798 197 3861 Desa]
213 3799 261 3846 Sed
272 3799 323 3844 alrae
333 3799 480 3846 alradeorum
489 3799 575 3861 templa
584 3806 649 3860 pete
674 3799 814 3846 Punicorum
836 3801 947 3847 bellorum
971 3802 1068 3862 contigit
1088 3809 1205 3861 oppetere,

113 3867 176 3912 baut.
674 3865 711 3910 rel
722 3864 787 3910 clade
798 3865 935 3911 (saunensi
914 3881 1006 3926 inqua
1015 3866 1122 3926 perntP
1134 3867 1206 3914 AEmi-

148 3929 189 3978 35.
207 3926 238 3973 Ει
255 3927 412 3992 ιιιιὶιὶιιίςῖιιίι
425 3929 480 3981 oris,
495 3926 553 3988 δια]
587 3927 649 3983 nib,
672 3928 718 3975 lius
740 3931 795 3975 Cos
816 3944 868 3974 cum
887 3933 928 3984 44
929 3934 985 3977 000
1007 3932 1101 3977 Roman.
1121 3931 1159 3976 vel
1176 3933 1206 3978 ad

114 4008 211 4054 quinon
221 3991 358 4038 exaudirent
377 3993 501 4069 supplices.
534 3992 649 4038 Invidiam
673 3994 778 4039 'liebiam
796 3994 850 4040 lluv.
872 3995 912 4040 ubi
934 3996 963 4042 L.
981 3995 1131 4070 Sempronius
1150 3995 1205 4043 Cos.

114 4057 184 4104 alicui
194 4056 250 4103 facit
260 4055 299 4116 qui
309 4057 359 4116 ejus
368 4055 495 4104 saevitiam
489 4071 511 4102 ιιι
523 4056 601 4102 odium
610 4057 650 4102 ad·
673 4072 754 4119 magna
765 4057 829 4103 clade
845 4060 874 4104 ab
887 4060 997 4106 Annibale
1008 4059 1084 4105 victus
1096 4060 1146 4106 luit.
1163 4061 1205 4107 mi-

114 4122 188 4168 ducit.
223 4119 300 4166 Ante
291 4135 357 4180 ipsas,
367 4136 410 4182 qao
420 4120 546 4196 morsforet
554 4121 649 4166 invidio·
674 4137 737 4168 seros
745 4121 790 4167 beu
802 4137 852 4176 nos,
861 4123 931 4184 quiin
939 4124 988 4170 baec
998 4123 1075 4170 civilis
1084 4123 1140 4170 belli
1148 4131 1206 4172 tern-

113 4186 167 4240 aa‘cr,
176 4200 237 4232 arus.
249 4185 320 4235 Ovid
332 4185 389 4232 Met.
402 4187 426 4232 7.
435 4186 482 4240 vel,
494 4184 649 4232 Neinvidiam
672 4202 730 4247 pora
738 4185 870 4233 incidimus

114 4257 140 4296 et
159 4249 336 4310 indignationem
358 4249 404 4296 diis
425 4249 527 4296 interae
546 4255 649 4296 moveret
705 4255 745 4299 47.
764 4247 816 4297 Non
832 4265 911 4311 pacem
926 4251 1044 4315 petimus]
1070 4250 1204 4307 Concessio,

114 4329 194 4360 omma
214 4314 367 4374 frequentavit
389 4327 448 4369 aras,
471 4313 541 4360 nullis
565 4313 647 4362 deicit.
673 4317 735 4376 qnod
757 4331 802 4361 non
824 4324 931 4363 recusent
952 4317 1055 4372 bellum;
1079 4317 1120 4362 sed
1142 4319 1204 4377 quod

113 4377 257 4439 copulativa
266 4393 299 4426 sc.
311 4393 354 4441 pro
372 4378 512 4440 disjunctiva
528 4379 613 4438 posita,
628 4384 653 4425 ιιι
668 4388 749 4442 petant
768 4379 860 4426 aliunde
872 4381 915 4430 sibi
935 4382 1024 4435 inferri,
1043 4396 1110 4440 quarn
1121 4397 1133 4426 ιι
1145 4380 1201 4431 suis.
