2784 4860
142 346 208 411 558
448 346 942 421 SUPPLEMEN'I'UM

142 523 278 608 Saepius
293 522 329 587 in
343 522 478 604 flumen,
491 531 678 593 monstrum
691 528 799 593 vitare
813 529 1012 609 nefandum,

143 634 321 699 Desiluere
333 636 418 700 viri:
441 637 584 701 sednon
598 644 761 720 praestare
775 641 922 707 salutem
947 696 950 701 .
1058 692 1063 697 -

142 746 286 811 Flumen
300 749 350 812 eis
365 749 486 832 potuit.
506 754 626 815 nantes
642 753 809 836 correpsit
821 754 987 831 in'undis,

142 857 178 922 N
179 879 218 922 ec
234 861 338 941 mergi
353 860 450 923 licuit
463 861 608 938 miseris,
624 864 746 948 pejora
758 867 944 931 manebant
1058 888 1063 897 ·

143 971 229 1036 Fata
243 972 333 1049 illos,
349 973 490 1036 monstri
504 974 672 1038 obscoena
688 976 878 1043 condunon
891 976 928 1041 iu
942 977 1037 1043 alvo.

184 1085 243 1150 Sic
258 1086 395 1168 impune
411 1085 471 1148 diu
485 1084 591 1168 Sylva
605 1091 779 1168 grassatus
793 1087 831 1149 in
843 1087 914 1152 istu
965 1110 970 1143 -·

142 1196 309 1280 Egressus
324 1196 461 1260 tandem
476 1202 539 1273 est,
556 1203 590 1261 et
604 1217 641 1261 se
656 1197 701 1261 ad
715 1196 849 1281 majora
861 1198 1024 1283 partriar-
1100 1224 1110 1241 r
1127 1198 1135 1209 ’
1162 1236 1165 1241 -

142 1307 234 1387 Quid
249 1307 420 1391 pecudum
435 1312 576 1389 strages,
591 1307 676 1390 quid
688 1308 824 1391 singula
837 1308 910 1373 fata
919 1308 1101 1377 uirorum.
1126 1340 1131 1347 ·

142 1419 357 1503 Persequarl
380 1420 471 1483 haud
485 1424 589 1484 vacat
602 1419 658 1483 hie
672 1419 825 1503 privatas
840 1420 954 1487 dicere
964 1421 1104 1487 eludes.
1238 1426 1246 1435 '

143 1533 184 1598 ln
197 1534 346 1616 populos
361 1532 452 1609 furit,
473 1537 508 1596 et
522 1533 603 1597 totis
618 1552 697 1597 oum
711 1533 868 1615 gentibus
883 1537 985 1599 atrox
1022 1580 1026 1587 -
1122 1574 1127 1585 ·

141 1648 241 1713 Bella
253 1665 383 1729 gerens,
400 1664 504 1708 ausus
520 1643 679 1709 Romana
690 1645 861 1710 lacessere
875 1650 992 1711 casua
1004 1650 1081 1711 est:

141 1761 228 1826 Cum
242 1759 386 1843 primum
400 1762 527 1821 turmas
543 1756 670 1840 Libyes
684 1757 730 1821 ad
744 1757 859 1823 littora
873 1757 974 1823 duxit
1046 1806 1050 1811 -
1068 1806 1071 1811 -

141 1872 295 1954 Regulus
310 1868 497 1945 Ausonias,
513 1868 597 1931 etin
611 1867 665 1931 his
682 1869 885 1935 consederat
898 1869 1005 1947 arvis,
1124 1904 1127 1911 ·

139 1984 245 2072 (Quis
259 1982 342 2046 mihi
357 1981 399 2044 de
414 1985 509 2045 tanto
525 1979 976 2068 1111111ο11111111111)10111111

141 2097 275 2163 Invasit
288 2099 379 2159 totas
394 2092 501 2156 acies.
516 2092 687 2157 exereitus
702 2093 771 2172 ille,

142 2211 212 2291 Qui
227 2209 294 2273 sibi
309 2204 466 2291 promisit
480 2203 612 2286 Libyae,
627 2209 662 2268 11
676 2203 892 2290 Carthaginis
905 2207 986 2273 altoe

141 2322 338 2407 Imperium,
354 2336 455 2400 quem
469 2319 521 2379 tot
535 2316 663 2397 gentes,
677 2318 863 2402 mundique
876 2319 1020 2385 timebat

141 2436 259 2502 Tertia
272 2451 364 2516 pars,
379 2447 448 2492 uno
463 2426 525 2491 vix
539 2446 579 2490 se
593 2426 744 2493 defendit
758 2432 803 2494 ab
817 2429 952 2514 Angue.

142 2551 225 2614 Dux
241 2563 364 2629 capere
379 2558 475 2606 anna
483 2540 593 2624 jubet,
607 2559 672 2605 nec
686 2541 773 2606 solis
786 2540 927 2609 ensibus
938 2542 1023 2622 illic,
1130 2584 1139 2599 -
1244 2552 1249 2561 ·

141 2661 213 2726 Aut
227 2659 319 2755 pilis,
334 2653 397 2719 sed
410 2652 569 2729 ballistis,
585 2671 664 2736 quse
677 2655 806 2720 moenia
819 2674 955 2721 summu
1068 2696 1085 2707 -·
1138 2674 1141 2681 ·

142 2775 187 2839 Et
200 2779 307 2837 turres
322 2770 509 2851 quaterent,
528 2770 680 2831 monstro
694 2786 788 2834 nova
800 2766 895 2833 bella
906 2766 1033 2853 parari.
1092 2770 1095 2775 '

141 2886 302 2950 Protinus
317 2882 496 2944 insonuere
511 2879 620 2959 tubae3
642 2884 723 2945 tune
738 2879 838 2963 erigit
850 2878 920 2945 alte
936 2928 940 2935 -
1027 2926 1030 2931 -

143 3001 198 3075 Se,
216 2996 391 3075 dirumque
409 2995 515 3074 caput
529 2991 676 3073 Serpens
690 2992 815 3058 attollit
827 2993 864 3058 iu
878 3010 981 3059 auras
1028 2996 1037 3049 ,·
1193 3030 1196 3035 .

143 3109 303 3190 Undique
320 3102 515 3186 despiciens
531 3120 691 3184 campos,
700 3108 882 3189 tantusque
895 3104 1031 3170 videtur
1110 3128 1113 3133 ·
1235 3106 1239 3113 '

143 3223 300 3303 Quantus
314 3217 345 3280 is
354 3219 415 3279 est
427 3213 579 3296 geminas
595 3214 685 3278 coelo
700 3217 760 3299 qui
775 3216 897 3282 dividit
910 3214 1050 3283 Arctos.
1155 3260 1160 3267 -

140 3337 239 3401 Tunc
255 3350 356 3414 asper
370 3327 489 3408 saevit3
512 3326 649 3410 Stygias
663 3327 706 3392 de
721 3333 853 3423 gutture
868 3328 942 3394 diro

141 3444 317 3513 Exhalans
331 3439 487 3515 nebulas,
501 3443 536 3502 et
548 3437 707 3504 flammea
718 3438 848 3506 lumina
860 3426 1008 3523 torquet.
1082 3482 1086 3489 -

142 3559 315 3644 Squamea
330 3573 409 3616 cum
422 3550 531 3616 volvit
545 3550 702 3617 sublatus
715 3556 822 3635 terga,
836 3556 977 3638 putares

142 3668 328 3735 Excelsum
346 3663 390 3727 ad
404 3679 538 3746 pugnas
554 3663 733 3728 castellum
747 3662 1029 3747 sponte'moveri.

141 3782 339 3848 Distantum
353 3777 453 3857 longe
469 3771 583 3838 subito
597 3792 636 3838 se
649 3772 800 3837 immittit
811 3770 849 3837 iu
862 3790 935 3839 ora.
953 3790 957 3797 ·

143 3892 222 3958 Hos
236 3906 364 3964 morsu,
380 3883 496 3950 affiatu
509 3887 612 3948 necat
624 3881 701 3961 hos,
715 3882 781 3948 hos
792 3882 885 3949 tollit
895 3870 1066 3966 inultum,
1109 3886 1118 3939 ἱ

142 3999 191 4070 111
205 4021 290 4068 casu
304 3997 473 4063 interimat
487 3995 649 4076 miseros3
671 3998 831 4080 totasque
845 3994 1004 4063 sonoras

141 4100 267 4182 Steinit
280 4112 396 4188 humo,
405 4109 499 4173 latas
514 4107 630 4173 caude
640 4106 722 4173 dum
734 4108 839 4174 verrit
848 4106 986 4175 arenas.
1007 4126 1039 4163 ·.
1208 4160 1226 4167 ..

141 4226 408 4292 Constemuntur
422 4220 503 4303 equi
517 4219 660 4304 passim,
673 4219 861 4306 fraudisque
871 4219 1019 4291 1111111111
1088 4242 1107 4279 .·
1227 4220 1232 4227 ’

140 4337 273 4404 Invitos
289 4333 375 4401 saevi
390 4330 547 4399 dominos
562 4331 738 4418 Serpentis
750 4330 797 4399 ab
811 4330 865 4401 ira
881 4386 884 4391 .
970 4382 974 4389 .
1029 4382 1048 4391 ..
