2784 4860
456 318 856 427 uocaui-urm
888 354 944 428 rr
1178 347 1246 419 Μ

139 530 221 595 Non
237 533 344 616 stupri
359 525 506 616 pretium
519 534 688 599 radiantia
701 533 855 618 plaustra
867 528 1009 602 musmo
1060 562 1063 566 ·
1099 541 1102 549 '
1179 587 1202 598 ..
1234 541 1250 549 ”

139 639 295 720 Callisto,
312 649 371 708 aut
385 642 516 709 Bacchi
532 645 661 730 conjux
673 643 827 710 formosa
844 658 1018 718 coronam,
1101 668 1103 672 ’
1228 667 1237 678 ’

139 749 261 817 Donec
277 759 407 836 partem
422 755 573 838 aliquam
582 755 781 841 ‘Cleopatrae
795 750 898 842 stella
911 739 1023 818 sereni
1040 782 1043 787 ’
1066 784 1070 791 ·
1169 760 1171 769 “

139 858 332 927 Nobilitare
348 864 427 929 Poli
443 871 571 931 certam
582 867 721 949 dignata
733 863 868 930 fuisset.
976 923 979 929 .

138 969 273 1054 Jupiter
288 975 483 1058 exemplum
496 977 579 1040 mihi
594 978 651 1050 sit,
667 994 769 1057 quem
783 991 878 1055 saepa
895 968 1009 1053 coegit
1095 1035 1098 1039 ,
1131 1001 1141 1035 ·.

139 1079 261 1145 Saevus
272 1083 379 1147 Amor
388 1102 513 1166 magno
527 1083 641 1148 furtim
656 1080 862 1151 descendere
874 1079 986 1146 coelo:
1109 1101 1117 1109 “

139 1188 207 1254 Vel
222 1195 337 1275 potius
352 1199 470 1259 nostra
483 1195 666 1261 absolvant
680 1192 807 1257 delicta
820 1189 1024 1265 Tonantem,

139 1298 403 1388 Caesareumque
418 1303 651 1371 Jovizveniam
665 1301 724 1368 det
736 1319 861 1368 nomen
875 1297 1015 1367 amoris.
1084 1293 1087 1297 ’
1160 1376 1162 1380 y
1220 1360 1222 1365 .

183 1412 251 1489 Ne,
269 1413 397 1493 Caesar,
410 1420 472 1497 tua
485 1417 568 1481 vota
580 1416 683 1496 time;
704 1432 777 1479 nou
787 1410 938 1498 pervigil·
947 1411 1035 1477 ista:
1209 1469 1212 1476 .

139 1522 372 1607 Hesperidum
387 1525 535 1610 Serpens
548 1525 714 1610 fulgentia
727 1541 832 1610 poma
842 1527 969 1600 tuetur3'
983 1578 987 1584 .

139 1631 217 1698 Nec
232 1636 337 1699 nimio
352 1637 462 1701 forma
476 1642 530 1701 est
542 1635 619 1702 haee
634 1635 808 1704 custodita
821 1632 964 1720 pudore.
1075 1687 1081 1695 .

140 1743 210 1808 Sed
224 1748 364 1828 puerilis
377 1747 495 1825 Amor,
510 1749 658 1832 vanique
674 1746 854 1832 Cupidinis
866 1746 975 1830 igne&
1038 1758 1041 1762 ⁴
1136 1795 1140 1803 ·

139 1853 287 1920 Pectora
302 1858 549 1940 qui'stimulare
564 1860 676 1924 solent
687 1851 835 1924 innoxia
844 1856 950 1940 vulgi,
1078 1905 1081 1913 ι

140 1963 371 2050 Pastoresque
385 1969 488 2034 rudes
503 1975 614 2048 munt,
629 1968 783 2052 rurisque
796 1967 943 2053 puellas,

141 2074 223 2138 Non
238 2076 299 2138 tibi
314 2098 384 2142 rem
398 2085 582 2162 peragunt·
591 2077 709 2144 Caesar
723 2097 733 2159 3
754 2080 819 2144 uec
834 2095 941 2144 causa
955 2074 1104 2146 domare-
1173 2088 1174 2093 ’

139 2184 301 2268 Vulgaris
317 2191 430 2271 potuit
444 2189 588 2273 Reginae
604 2190 903 2275 eorda.superboe;
986 2175 994 2244 Ῐ
1060 2261 1062 2264 ,
1103 2219 1107 2225 ·
1181 2239 1201 2246 -.
1301 2264 1306 2273 ,

141 2295 385 2364 Formosamve
400 2301 468 2365 tuis
484 2300 935 2385 Cleopatramamplexibus
950 2297 1048 2366 offert
1121 2317 1140 2352 2
1177 2348 1179 2354 -
1210 2297 1212 2301 ’

141 2407 265 2472 Dulcis
281 2429 376 2473 amor
390 2409 556 2478 Veneris:
579 2411 641 2477 sed
655 2411 750 2494 regni
763 2412 887 2478 insana
900 2408 1078 2498 Cupido.
1127 2462 1128 2466 η
1193 2425 1207 2462 1

140 2516 320 2600 MajestaS,
336 2520 517 2603 nimiisque
533 2527 652 2605 optata
667 2522 938 2605 potentiavotis.
1063 2541 1065 2545 ’
1107 2541 1110 2546 ·
1224 2538 1226 2543 “
1328 2524 1332 2531 ’

140 2625 212 2690 Hic
226 2646 324 2704 amor
337 2629 481 2696 affectus
495 2630 583 2695 alios
597 2630 832 2698 Ptolemaeidis
849 2650 969 2698 omues
1108 2649 1112 2659 ·

139 2735 286 2802 Pectore
303 2741 496 2804 sustulerat.
511 2741 648 2824 penitus
664 2741 695 2805 si
708 2741 824 2807 nullus
837 2742 969 2808 inesset

140 2846 315 2913 Venarum
330 2850 435 2928 calor,
451 2855 510 2914 aut
524 2855 617 2916 artus
630 2850 831 2934 depasceret
844 2851 946 2931 ignis,

140 2955 310 3024 Lascivos
325 2965 439 3024 tamen
453 2961 633 3045 amplexus
646 2962 682 3023 in
698 2958 947 3035 Caesarisisset

141 3068 291 3153 Frigida,
307 3076 342 3135 et
356 3071 509 3137 Ambitio
522 3070 683 3137 solvisset
695 3073 792 3133 tanta
811 3065 988 3148 pudorem.
1031 3119 1033 3123 a
1157 3084 1162 3093 “

142 3178 230 3259 Quae
246 3187 279 3245 te
296 3200 403 3246 causa
416 3181 529 3259 fidem,
546 3180 679 3255 (leesor,¹
689 3176 819 3242 violare
830 3177 956 3260 coegit.

140 3289 354 3375 Visceraque
368 3293 404 3356 in
418 3293 538 3376 patriae
554 3290 739 3356 sceleratos
753 3285 890 3371 impulit
902 3305 1004 3355 enses

142 3401 335 3467 AEmethios
349 3404 450 3468 Latio
465 3400 670 3486 perfundens
685 3396 849 3480 sauguine
864 3416 1022 3483 campos,
1061 3440 1065 3446 -

141 3510 209 3576 Illa
223 3514 424 3595 pudicitiam
440 3509 782 3593 Regineeinpectore
795 3507 892 3586 vicit,
1211 3565 1213 3568 Α

141 3621 388 3706 Prostituitque
401 3623 475 3687 tibi.
490 3641 553 3685 nec
567 3621 749 3704 quisquam
764 3616 913 3686 Caesaris
927 3617 1017 3687 utos
1097 3646 1105 3679 ·.

141 3731 316 3816 Suspiciat
330 3732 636 3816 posthacanimos,
653 3727 882 3814 cumspiritus
896 3728 989 3796 idam
1148 3792 1151 3796 .
1186 3740 1224 3800 ·(l

142 3842 355 3908 Foemineum
371 3842 516 3927 impellit
529 3822 748 3927 pectusque
762 3839 892 3919 Gaesar,
910 3840 1089 3907 eadem·
1152 3875 1157 3909 ·,
1213 3902 1217 3908 .
1260 3867 1261 3870 “

141 3952 337 4018 Ambitione
352 3950 874 4036 nocens1factaestclcopatm3
895 3950 1017 4020 fidelia
1093 4011 1096 4016 .

141 4064 218 4130 Nec
233 4071 347 4130 manet
360 4065 420 4134 hic
432 4065 531 4144 civis,
549 4082 614 4128 nec
629 4063 759 4149 conjux
773 4062 998 4148 illa-pudica:
1028 4103 1033 4116 ι
1129 4119 1133 4124 ,
1161 4123 1165 4128 .

185 4173 240 4239 Ne
255 4179 369 4240 tamen
379 4175 501 4241 illicito
516 4174 635 4240 Caesar
648 4171 947 4252 videaturamori,t
975 4221 977 4224 -
1008 4197 1029 4232 ι
1086 4198 1089 4204 ’
1202 4225 1205 4229 -

141 4285 358 4370 Nonpatriae
372 4286 499 4355 vicisse
515 4305 600 4367 suaa,
615 4282 1020 4374 (nomfflgyptictonus.
1152 4354 1155 4361 ,
1219 4307 1224 4315 ·
1293 4276 1300 4287 ⁸

664 4402 725 4460 dx
1139 4404 1141 4409 '
1266 4417 1271 4426 ·
