2992 4940
471 383 710 452 nocANl.
747 379 854 461 mn
890 377 977 446 vll.
1206 377 1274 446 m

171 553 338 618 Securum
352 543 470 617 Coesar
484 553 637 632 praedm,
653 567 722 614 non
735 548 839 613 robur
852 547 890 612 in
902 545 1020 621 armis,

171 661 252 726 Non
266 660 414 736 bonitas,
430 663 610 742 unusque
626 678 769 742 aequuns
784 657 974 724 Clementia
987 655 1089 722 vireo.

171 771 394 858 Supplicibus
409 770 533 835 l'mstra
546 772 693 850 veniam,
708 773 876 854 victisque
892 770 1057 848 salutem

172 881 408 964 Exulihusquc
424 882 542 946 urbem
556 881 722 964 permittis
734 903 743 960 ;
767 880 917 946 Romula
931 879 1057 944 frustra

172 991 322 1076 Imperia
337 1010 501 1058 exornare
516 991 646 1067 studes,
661 991 743 1056 dom
757 991 889 1074 legibus
905 989 1031 1054 Orbem

173 1101 343 1168 Emendas
359 1103 519 1186 prudens,
534 1110 594 1168 aut
608 1104 739 1186 oppida
753 1103 864 1166 diruta
879 1101 1001 1166 condis

174 1213 391 1296 Magnificus.
408 1216 511 1280 tontis
522 1215 723 1298 jamdudum
738 1215 890 1280 extincta
905 1214 1011 1278 ruinis

174 1325 241 1390 Per
255 1333 288 1390 te
304 1333 372 1392 stat
385 1325 567 1408 Carthago,
580 1328 749 1410 novisque
763 1325 903 1408 impleta
918 1323 1060 1389 colono

174 1435 328 1520 Exurgit,
342 1439 483 1502 nuribus
497 1459 567 1503 non
577 1439 651 1523 jam
665 1435 846 1501 metuenda
861 1434 1003 1498 Latinis.

172 1547 228 1612 Tu
242 1567 379 1631 quoque
393 1551 575 1626 restauras,
591 1547 766 1630 Latiisque
781 1544 966 1610 habitanda
980 1543 1132 1608 Corinthi
1232 1569 1235 1578 <

175 1657 309 1724 Moenia
322 1659 385 1726 das
402 1661 568 1741 Binario3
589 1679 654 1724 nec
668 1658 795 1724 somam
809 1655 1005 1720 auctoribus
1020 1653 1124 1720 ullam

176 1767 336 1832 Detrahis
352 1771 523 1853 antiquis;
546 1771 608 1834 scd
622 1769 736 1834 adhuc
749 1769 893 1834 retinere
908 1771 1046 1830 vetusta

176 1876 328 1942 Nomina
341 1881 507 1961 permittis
521 1887 629 1945 totum
642 1883 782 1962 vulgata
796 1899 857 1963 por
872 1879 999 1942 orbem.

220 1985 302 2050 Non
317 1991 428 2051 tamen
442 1987 518 2052 haec
533 1989 640 2053 lotum
654 1995 820 2064 avertunt,
835 2008 899 2052 nec
913 2007 1019 2070 regno
1031 1985 1119 2052 tueri
1168 2037 1171 2042 ,

177 2097 352 2180 Usurputa
366 2097 426 2160 diu
441 2105 595 2180 poscunt.
610 2117 680 2162 non
693 2099 862 2162 mentibus
878 2099 949 2162 ullo
1050 2119 1057 2128 “

176 2207 368 2273 conciliare
379 2207 500 2290 Jugunr
514 2207 688 2286 generosis
702 2226 842 2270 munera
856 2213 1020 2289 possunt3

179 2317 255 2384 Nec·
270 2317 459 2380 libertatem
473 2315 663 2379 Clementia
677 2323 801 2398 pensat
815 2318 1020 2400 ademptam.

179 2427 324 2494 Invidiae
340 2426 497 2490 stimulos
511 2445 591 2508 ergo
606 2431 645 2490 ut
660 2427 764 2490 lenire
780 2427 933 2504 fruentis,

179 2537 224 2604 Et
237 2538 350 2622 capite
364 2537 519 2613 insidias,
535 2557 621 2620 quas
636 2544 802 2601 maturare
818 2538 966 2620 quictem

179 2648 262 2714 Non
276 2649 397 2725 nescit,
412 2646 530 2712 Caesar
544 2647 646 2712 saetis
661 2651 811 2715 avertere
826 2648 950 2729 poscit,

180 2758 257 2844 Nec
271 2779 340 2824 non
354 2764 493 2826 externo
508 2758 661 2822 maculas
678 2759 869 2840 abstergere
884 2759 975 2824 bello

181 2869 328 2950 Civilcs;
351 2889 428 2934 curu
438 2869 512 2952 jam
527 2868 643 2932 Crassi
658 2869 812 2933 vindicta
826 2871 971 2952 perisset

182 2979 309 3054 Debita
319 2977 520 3062 jamdudum
536 2977 657 3058 loli03
675 2979 778 3062 jussu
792 2980 849 3043 illc
866 2979 1012 3044 Senatus

180 3088 232 3174 (N
233 3109 252 3152 e
267 3094 400 3172 patrum
415 3086 567 3150 imminui
581 3085 737 3150 videatur
752 3107 852 3151 sacra
865 3087 1037 3171 potestas)

182 3199 397 3280 Decretoque
413 3201 514 3276 togae,
529 3196 682 3260 mandari
698 3198 859 3262 Parthica
873 3199 965 3262 bella

182 3308 389 3392 Suppliciter
402 3307 511 3390 potiit,
527 3306 612 3371 felix
627 3313 665 3372 ut
678 3325 770 3372 ruore
785 3313 916 3372 retento

183 3419 342 3486 Romulei
358 3419 498 3500 antiquo
513 3419 646 3501 populi,
662 3418 853 3499 legionibus
868 3418 931 3482 iret

182 3531 339 3597 Teucera.
355 3529 474 3612 sicque
489 3525 595 3592 alacri
610 3529 793 3611 compellat
807 3547 899 3622 voco
909 3527 1092 3594 Senatum:

183 3641 221 3706 Si
235 3641 327 3716 milri,
344 3639 528 3720 conscripti
544 3636 678 3715 Patren,
692 3639 839 3722 quaesita
854 3643 1008 3720 potestas

182 3751 294 3827 Boot,
309 3754 348 3812 nt
361 3749 498 3812 immani
513 3767 675 3831 saevaquc
688 3748 863 3831 tyrannide
878 3749 975 3812 solus

183 3861 394 3944 Regnarom
416 3863 454 3922 ut
468 3857 696 3942 quodcunque
707 3858 806 3942 jubet
820 3858 912 3924 soror
926 3859 1064 3942 impiuS,
1080 3865 1139 3926 aut
1150 3879 1255 3926 menr-

183 3971 290 4054 AEgra
302 3975 406 4046 metu,
421 3973 481 4032 aut
495 3967 616 4032 suadet
627 3969 742 4046 liunus,
757 3969 812 4034 vel
827 3989 934 4052 prava
948 3969 1056 4035 libido

185 4081 396 4164 Exequercr:
420 4083 514 4144 tanto
528 4099 598 4144 non
612 4085 762 4162 tempore
778 4080 992 4146 dissimulata

185 4191 349 4270 Consilia,
365 4198 399 4258 ct
411 4191 509 4256 furiae
524 4191 704 4256 latuissent
716 4192 866 4276 pectoris
880 4193 1003 4278 hujus3

184 4303 392 4370 Jamdndum
406 4303 539 4388 gladios
553 4303 718 4370 :mosot
733 4301 847 4370 Romo
860 4303 1038 4370 notandos.
