2784 4860
344 353 581 429 clvlLls
626 352 816 428 nnnnr
860 353 980 422 arn.
1015 355 1084 422 111.
1184 357 1245 422 ros

138 521 295 599 Chaonio
310 535 441 595 veteres
456 528 628 611 liquenmt
641 528 767 592 vertice
784 527 897 592 Sellae.
1178 528 1243 594 180
1313 513 1326 532 ⁴

139 642 310 707 Exhausit
324 644 415 704 totas
431 639 588 721 quamvis
604 639 756 729 delectus
771 637 935 716 Athenas,
1020 715 1024 719 Α
1066 662 1068 665 ’

139 753 286 834 Exiguae
303 751 458 816 Phoebea
472 755 587 816 tenent
601 750 738 814 navalia
753 770 901 833 puppes,

138 863 294 947 Tresque
309 868 428 946 petunt
441 880 558 926 veram
574 861 666 925 credi
682 860 856 925 Salamina
871 862 1007 926 carinae.

138 972 162 1039 J
164 993 221 1038 am
236 974 362 1058 dilecta
376 971 400 1035 J
401 972 458 1037 ovi
474 958 625 1036 centenis
643 971 737 1036 venit
752 972 788 1034 in
802 991 897 1035 arma

141 1081 243 1148 Creta
259 1088 356 1148 vetus
372 1083 523 1172 populis,
536 1080 759 1164 Gnossasque
776 1082 902 1163 agitare
918 1081 1094 1164 pharetras
1180 1083 1245 1148 185

142 1193 268 1270 Docta,
285 1213 349 1257 nec
365 1192 449 1258 Eois
465 1192 563 1276 pej0r
579 1190 732 1277 Gortyna
747 1191 890 1273 sagittis.
994 1245 997 1252 .
1222 1196 1223 1199 ’

141 1302 239 1368 'lirnc
256 1304 316 1386 qui
330 1303 541 1386 Dardaniam
556 1307 648 1367 tenet
663 1301 810 1366 Oricon:
834 1307 868 1366 et
881 1321 989 1384 vagus
1005 1302 1083 1366 altis

143 1414 331 1497 Dispersus
348 1414 454 1496 sylvis
469 1412 647 1489 Athamas,
664 1418 698 1477 et
711 1414 848 1476 nomine
862 1413 977 1496 prisco

142 1523 316 1590 Encheliae
331 1525 422 1590 versi
436 1529 600 1589 testantes
615 1523 734 1588 funera
749 1523 881 1588 Cadmi.

143 1633 294 1710 Colchis,
311 1640 345 1699 et
354 1633 527 1699 Adriacas
544 1653 706 1717 spumans
722 1634 890 1717 Absyrtos
910 1635 946 1699 in
960 1635 1082 1712 undas,
1179 1635 1243 1701 190

209 1769 258 1815 184
269 1767 362 1816 delecto.
454 1770 503 1814 184
513 1769 589 1815 armis.
672 1770 719 1820 185
732 1767 863 1830 ersisque,
876 1771 1020 1833 Gnosiosque,
1032 1769 1179 1834 (insessaque

389 1834 436 1882 187
449 1832 552 1879 (trition.
785 1837 832 1884 190
846 1834 980 1887 cotcboset.
1142 1848 1154 1871 ’κ
1226 1850 1228 1860 ·

180 1947 237 1994 180.
256 1945 338 2007 Selia]
356 1947 425 2007 Epiri
441 1962 496 2007 pop.
515 1945 568 1992 MS.
580 1946 609 1992 P.
620 1952 683 1993 recte
706 1953 736 1992 tea
749 1954 810 2001 sunt,
827 1955 908 2007 quarta
919 1950 1099 2008 exspectabatur
1109 1947 1243 1999 instruenda

148 2009 219 2064 Sella,
229 2010 290 2056 sient
300 2011 383 2058 Arctae.
397 2014 440 2057 Est
449 2011 508 2057 enim
518 2011 624 2056 Graeeum
633 2019 684 2056 Σελ·
706 2010 837 2058 Salaminia.
874 2013 943 2071 Quod
965 2028 1020 2058 vero
1038 2013 1160 2060 Salarmma
1177 2015 1243 2062 navis

145 2075 176 2120 λοὶ
186 2076 251 2135 apud
267 2077 403 2130 Homerum,
421 2082 445 2137 et
460 2091 490 2122 ex
508 2091 536 2122 eo
549 2075 684 2122 Strabonem
706 2075 819 2123 militibus
839 2076 967 2132 instruitur,
983 2085 1117 2138 argumento
1135 2085 1179 2134 est,
1195 2096 1244 2127 rem

146 2146 170 2184 et
180 2139 331 2199 Stephanum.
343 2137 409 2186 Grot.
706 2140 856 2200 militiamque
869 2140 930 2188 illam
940 2143 1006 2188 cordi
1016 2143 1087 2189 fuisse
1099 2143 1244 2190 Atheniensi·

180 2207 236 2250 181.
256 2203 366 2250 Exhausit
377 2212 440 2258 totas,
453 2202 511 2264 dte]
529 2203 633 2259 Athenae,
646 2212 683 2250 ut·
706 2205 758 2258 bus,
770 2211 902 2265 tantumque
914 2206 1018 2252 habitam
1032 2206 1104 2254 fuisse
1120 2207 1244 2263 delectam,

146 2283 236 2328 sanque
248 2268 340 2314 delectu
352 2268 415 2328 prius
431 2269 581 2322 exhaustam
596 2269 684 2314 navali·
706 2275 804 2327 quantus
815 2269 894 2316 haberi
904 2271 991 2330 potuit:
1012 2287 1064 2316 nam
1078 2287 1123 2318 non
1141 2272 1245 2320 solebant

147 2334 274 2378 bustamen
288 2333 336 2378 suis
345 2333 435 2378 Phtnbo
445 2333 527 2378 dicatis
534 2333 627 2378 mittunt
635 2340 683 2379 tres
706 2333 859 2381 Athenienses
868 2334 982 2381 instruere
994 2334 1138 2382 Sabmirrium
1146 2337 1245 2393 Navem,

147 2396 282 2442 Salaminius
292 2397 410 2443 naviculas
419 2414 425 2454 ;
438 2413 488 2456 quse
498 2404 610 2443 testentur
619 2397 683 2443 Sala·
706 2403 732 2442 ut
742 2399 811 2444 docet
822 2399 938 2445 Critolaus
949 2401 1010 2458 apud
1020 2400 1137 2447 Plutarch.
1147 2401 1171 2446 in
1180 2402 1247 2448 Peri-

147 2461 208 2506 mina
228 2477 280 2507 esse
299 2463 349 2508 veri
364 2462 423 2521 juris
445 2461 616 2508 Atheniensium
638 2477 683 2506 non
706 2462 750 2516 ele,
762 2463 808 2508 nisi
825 2462 880 2526 πρὸς
895 2465 936 2514 τὰς
947 2464 1048 2524 μεγάλας
1058 2462 1137 2527 χρείας.
1150 2464 1246 2513 Petam.

147 2525 329 2587 Megarensium,
336 2527 370 2572 uti
380 2528 435 2573 olim
444 2533 617 2590 controversum
625 2533 681 2574 erat.
709 2524 787 2572 Veram
793 2526 1156 2588 Salamina.]Seueea'I'roadibus
1164 2547 1169 2574 ε
1177 2529 1245 2576 Nuu-

148 2590 219 2637 Simul
232 2591 326 2636 videtur
345 2593 443 2638 allusum
462 2592 491 2635 ad
509 2591 564 2636 illud
582 2591 681 2638 Horatii.
706 2591 761 2651 quid
782 2591 857 2639 Aiacis
874 2592 988 2639 Salamina
1009 2609 1091 2640 uerum
1119 2594 1245 2640 Manilius:

148 2654 283 2716 Ambiguum
305 2655 384 2702 tellure
405 2670 461 2700 saeua
482 2654 595 2700 Salamiua
611 2655 682 2719 futa-
709 2654 1042 2718 VeraSyracasisSahrmisnon
1050 2658 1242 2722 mergettlthcnas.

148 2731 213 2777 tam,-
247 2727 342 2781 propter
368 2721 484 2781 Cypriam.
515 2719 571 2764 ride
600 2719 681 2768 Senee.
712 2720 814 2766 Grotius.

148 2783 232 2830 lhoad.
242 2799 305 2830 vers.
318 2787 373 2832 848.
386 2786 458 2831 Erant
467 2785 523 2830 item
531 2784 628 2830 Athenis
636 2792 683 2831 tres
742 2787 797 2832 184.
814 2783 904 2831 Dilecta
915 2783 974 2840 Joui,
985 2784 1043 2847 dte]
1061 2784 1132 2832 Creta
1148 2785 1244 2849 iscrip-

148 2863 220 2894 naves
239 2848 335 2907 publico
351 2850 405 2896 usui
425 2849 559 2895 destinans:
587 2847 684 2904 Themis,
709 2849 1025 2909 acassinquaJupiternatus
1033 2847 1245 2911 educatusquet‘uit.

148 2928 194 2972 qna
202 2913 343 2960 vehebantur
352 2914 375 2960 in
383 2913 467 2961 Delum
475 2913 684 2973 quotannise'l'he·
742 2916 797 2961 185.
816 2913 959 2975 Crassusque,
971 2913 1015 2962 &a
1027 2913 1132 2977 Gortyna
1137 2916 1254 2982 sagittis]¹

146 2976 197 3024 seio
216 2984 287 3032 roto;
303 2978 372 3024 Plato
391 2980 414 3025 in
432 2979 558 3024 Phaedone:
578 2977 685 3033 Parcius,
710 2979 785 3025 Cretae
796 2981 866 3025 urbes
877 2980 963 3036 notiss.
980 2982 1087 3027 Gnossus
1098 2987 1122 3027 et
1141 2981 1245 3042 Gortyna

147 3057 194 3102 qua
204 3041 355 3089 mittebantur
366 3044 470 3103 Delphos
482 3051 521 3090 aut
532 3041 578 3089 alio
590 3058 639 3088 rem
649 3044 685 3089 di·
711 3043 823 3103 sagittarii
834 3043 944 3102 insignes.

148 3105 329 3164 vinamfacturi3
340 3108 502 3168 Aristophanis
511 3109 634 3167 interpres:
646 3108 687 3155 Sa·
744 3111 799 3154 186.
819 3106 866 3155 Nec
883 3107 955 3170 Eois]
977 3110 1031 3155 Non
1047 3110 1132 3156 cedens
1152 3109 1245 3156 Parthis

150 3169 252 3225 taminia,
264 3187 315 3230 quae
325 3181 434 3220 evocatos
442 3173 591 3232 adjudicium
603 3173 685 3222 subve-
711 3179 759 3218 arte
769 3172 875 3219 mittendi
886 3173 989 3233 sagittas.
1143 3175 1145 3179 ’

150 3235 223 3283 heret.
237 3236 354 3283 Plutarchi
367 3237 476 3284 Pericles.
744 3240 800 3285 187.
819 3235 961 3284 Dardaniam
976 3242 1034 3284 teuit
1051 3237 1155 3300 Oricon]
1175 3238 1246 3285 Hele·

184 3302 241 3348 182.
260 3301 354 3348 Platea
362 3301 471 3362 naualia]
481 3301 550 3360 Quod
560 3315 587 3346 ea
596 3299 686 3348 Phoebo
712 3316 741 3347 no
753 3311 776 3348 et
784 3303 943 3348 Andromache
953 3302 1067 3349 Dardanis
1074 3307 1191 3362 regnatam
1199 3318 1247 3349 ms·

148 3363 259 3412 dedicata
268 3373 353 3421 essent,
364 3374 460 3428 propter
476 3367 552 3412 studia
562 3365 687 3422 literarum,
711 3366 811 3413 ritimam
818 3366 955 3427 illamlipiri
963 3366 1120 3426 urbem,Virg.
1128 3368 1151 3413 3.
1160 3369 1212 3413 AEn.
1221 3369 1245 3415 5.

148 3428 235 3488 quibus
247 3431 370 3492 praesidet:
388 3447 515 3492 quanquam
524 3442 570 3477 non
578 3429 687 3486 Piraeum,
745 3433 800 3477 188.
819 3430 939 3490 Dispersus
948 3433 1014 3494 sylvis
1028 3429 1156 3492 Athamas]
1176 3431 1246 3478 Atha-

148 3493 194 3539 sed
210 3496 334 3542 Tannum
352 3512 434 3543 revera
451 3496 540 3542 Phoebo
556 3495 687 3544 dedicatum
711 3511 797 3550 manes,
808 3502 897 3541 montes
906 3497 973 3555 Epiri
983 3494 1115 3541 incolentes.
1185 3539 1188 3546 ,

148 3564 209 3604 erat.
450 3583 452 3586 >
746 3563 802 3608 189.
823 3559 932 3606 Metelis
944 3563 1008 3615 uersi,
1023 3557 1082 3620 δια]
1100 3558 1176 3619 Illyrii
1184 3575 1244 3621 pop.

185 3626 241 3671 183.
261 3623 354 3686 Tresque
362 3634 443 3686 petrem
459 3639 542 3680 ueram,
561 3623 620 3687 dte]
638 3625 687 3672 Re·
711 3639 808 3684 quorunr
819 3625 882 3670 Urbs
894 3625 976 3685 Cadmi
987 3633 1011 3671 et
1021 3623 1159 3670 Harmonies
1167 3625 1190 3672 in
1199 3640 1248 3672 ser·

151 3695 233 3734 seuset
254 3689 360 3737 Luemus
383 3689 506 3737 auxiliares
528 3689 616 3749 copias,
636 3706 687 3750 quae
711 3696 794 3748 pentes
805 3704 967 3735 conversorum
978 3696 1013 3735 est
1022 3688 1194 3736 monimentum.
1212 3687 1248 3748 iy-

151 3752 264 3812 l’ompeio
276 3756 361 3815 Magno
372 3756 491 3815 suppetias
501 3755 525 3800 in
533 3755 595 3801 bello
606 3753 687 3801 adver·
712 3762 774 3806 κελυς
783 3760 861 3800 autem
871 3753 972 3813 anguilla
982 3761 1018 3813 est
1026 3753 1097 3815 laage
1107 3760 1201 3816 cogitata
1212 3768 1247 3800 ao-

152 3831 193 3864 sas
201 3819 229 3864 C.
243 3819 357 3866 Caesarem
364 3826 487 3877 venereum
502 3821 606 3878 interque
620 3825 688 3865 caete·
713 3817 791 3872 lubra,
801 3825 828 3864 ut
838 3817 870 3863 ait
880 3817 894 3865 J
897 3818 1007 3873 uvenalis,
1018 3819 1099 3876 Satyra
1109 3819 1133 3864 3.

152 3895 192 3928 ros
207 3883 307 3942 populos
322 3892 470 3932 recensentur
487 3890 510 3930 et
525 3883 687 3938 Athenienses,
746 3886 801 3932 190.
820 3881 905 3929 Colchis
920 3890 941 3928 et
960 3883 1077 3937 Adriacas,
1096 3880 1154 3943 δια]
1178 3880 1246 3929 'l'olls

150 3945 282 4006 dequibus
298 3948 347 3995 hac
364 3949 472 4008 scripsit:
490 3949 536 3995 Sed
555 3949 686 4002 docet,non
713 3962 809 4002 comma,
829 3952 853 3993 et
871 3947 945 3994 scribe
960 3947 1070 4010 Absyrtis,
1089 3946 1204 4006 quomodo
1220 3945 1247 3992 id
1286 3964 1296 3973 *

151 4024 248 4072 magnas
264 4012 335 4057 luisse
349 4014 475 4060 auxiliares
490 4013 547 4060 istas
563 4013 687 4059 Athenien-
712 4027 794 4058 nomen
805 4011 914 4058 scribitur
923 4013 984 4071 apud
1001 4012 1035 4059 Pl.
1053 4015 1108 4058 111.
1128 4014 1167 4058 86.
1184 4012 1247 4058 Stra·

152 4073 214 4122 sium
225 4076 313 4137 copias,
326 4077 424 4130 etiamsi,
435 4084 547 4139 quotquot
556 4082 687 4138 potuerunt,
713 4077 796 4123 bouem
805 4072 896 4137 quoque
907 4084 931 4121 et
939 4075 1086 4136 Stephanum.
1099 4075 1158 4121 Haec
1169 4084 1246 4123 autem

153 4141 279 4202 conscripti
295 4140 343 4187 sint
358 4143 451 4190 milites.
469 4143 614 4188 Paucitatem
632 4143 688 4188 ista·
713 4141 931 4202 AbsyrtisColehiu,
941 4141 966 4186 id
978 4147 1022 4198 est,
1032 4139 1248 4194 Colchicavocatur,
1344 4171 1345 4178 .

152 4219 204 4253 ma
215 4205 335 4265 copiarum
344 4212 427 4266 postea
435 4208 515 4264 refert,
533 4212 625 4266 tresque
639 4215 688 4252 tan-
713 4206 766 4266 quia
784 4207 870 4252 Medea
887 4211 911 4251 et
924 4206 995 4251 frater
1011 4207 1061 4264 ey'us
1080 4205 1196 4266 Absyrtus
1214 4203 1248 4250 ibi

151 4275 203 4315 tum
220 4285 292 4316 naves
312 4276 370 4316 eum*
383 4271 505 4318 Salustium
522 4270 634 4317 militibus
653 4271 687 4316 in·
712 4270 834 4325 laceratus,
845 4286 875 4316 ex
887 4270 979 4316 Colchis
990 4275 1061 4316 eraut.
1080 4268 1179 4316 Grotius.
1197 4268 1247 4318 Col-

152 4341 253 4381 struetas
273 4334 347 4382 tuisse
367 4335 454 4383 scribit.
489 4334 583 4396 Desqm
595 4342 688 4396 patara,
713 4333 779 4396 chia]
797 4337 850 4383 Non
862 4335 931 4381 Ponti
941 4334 983 4383 illa
992 4336 1035 4381 sed
1045 4333 1100 4381 lstri
1110 4335 1183 4396 regio,
1197 4332 1247 4379 dio-

151 4397 213 4460 hce]
231 4399 260 4446 ld
271 4406 315 4456 est,
325 4406 374 4448 tres
383 4415 456 4449 naves
465 4399 579 4458 militibus
589 4399 688 4448 instruc·
714 4405 738 4447 ta
748 4417 762 4447 a
772 4399 866 4447 Colchis
876 4399 916 4461 qui
932 4401 960 4447 ab
971 4399 1041 4447 AEeta
1056 4399 1120 4447 missi
1131 4401 1161 4446 ad
1171 4413 1249 4460 perse·
