2784 4860
343 344 588 420 civlnls
623 333 976 416 BELLIJLIB.
1012 337 1074 404 IV.

140 519 365 585 Mansuevere
384 519 477 594 serae,
493 523 528 582 et
551 517 664 582 vultus
678 533 829 600 posuere
843 514 1007 601 minaces,

139 630 253 713 Atque
269 629 439 692 hominem
460 627 609 702 didicere
623 627 716 709 pati:
740 626 771 689 si
784 624 913 696 ‚torrida
928 642 1055 704 parvus

139 739 244 803 Venit
259 739 295 802 iu
310 757 370 803 ora
389 759 500 814 cruor,
515 739 656 802 redeunt
673 737 856 817 rabiesque
870 733 1060 814 furorque,

138 845 402 929 Admonitaeque
417 852 545 910 tument
563 851 697 928 gustato
717 845 880 925 sanguine
895 843 1035 907 fauces:

140 955 277 1032 Fervet,
291 961 325 1020 et
344 976 365 1019 a
379 957 511 1038 trepido
532 957 593 1022 vix
608 957 765 1024 abstinet,
777 956 827 1018 ira
842 953 1016 1034 magistro.

140 1065 260 1131 Iturin
282 1087 380 1130 omne
395 1067 511 1131 nefas:
535 1073 568 1130 et
583 1086 660 1146 quae
684 1065 836 1130 Fortuna
852 1062 1004 1124 Deorum

140 1175 279 1241 Invidia
294 1195 389 1240 caeca
402 1176 568 1245 bellorum
581 1175 618 1238 iu
638 1177 738 1237 nocte
760 1171 904 1247 udisset,

141 1285 241 1350 Fecit
254 1290 380 1360 nostra,
396 1283 500 1347 fides:
523 1285 608 1346 inter
621 1300 837 1364 mensasque,
854 1285 1027 1362 torosque,

142 1396 232 1476 Quae
247 1397 351 1460 modo
367 1394 550 1475 complexu
563 1395 719 1460 fovenmt
739 1395 890 1473 pectora,
908 1389 1054 1455 caedunt.

142 1507 186 1570 Et
200 1506 357 1589 quamvis
372 1506 481 1588 primo
497 1505 619 1569 sermm
635 1506 799 1569 strinxere
821 1506 1004 1584 gementes

143 1616 339 1680 Ut'dextrae
355 1616 441 1698 justi
461 1615 594 1696 gladius
609 1615 786 1679 dissuasor
808 1611 965 1687 adhaesit,

143 1724 237 1790 Dum
252 1725 385 1800 feriunt,
398 1725 498 1788 odere
514 1744 607 1812 suos,
623 1725 824 1806 animosque
839 1724 996 1787 labantes

144 1833 352 1898 Confirmant
368 1835 449 1897 ictu.
464 1834 594 1899 fervent
603 1835 677 1918 jam
692 1840 806 1898 castra
820 1833 976 1907 tumultu,

145 1943 189 2008 Et
205 1945 370 2007 scelerum
385 1945 483 2008 turba
493 1965 505 2008 ι.
524 1945 698 2027 rapiuntur
713 1944 805 2009 colla
820 1947 1007 2026 parentum.
1067 1955 1070 1962 “

145 2052 199 2116 Ac
215 2054 309 2116 velut
330 2053 501 2118 occultum
516 2059 633 2136 pereat
647 2056 771 2132 scelus,
792 2055 908 2118 omnia
922 2059 1085 2118 monstra.

145 2163 185 2228 In
199 2164 326 2228 faciem
340 2185 485 2246 posuere
500 2166 645 2231 ducrun:
665 2166 766 2249 juvat
786 2185 863 2229 esse
877 2170 1051 2228 nocentes.

188 2273 244 2338 Τιι
260 2273 388 2350 Caesar,
409 2277 564 2357 quamvis
581 2275 749 2357 spoliatus
759 2273 869 2339 milite
884 2275 991 2338 multo

148 2422 194 2467 242
206 2420 295 2468 munet.
362 2423 409 2471 242
420 2439 465 2468 ora.
531 2425 580 2471 244
589 2421 769 2478 nacte,innaba
836 2393 895 2468 '245
908 2428 1011 2467 mantra.
1088 2422 1136 2468 246
1145 2410 1242 2482 corpora

195 2487 243 2534 251
255 2486 303 2532 Hic
313 2502 394 2533 versus
405 2488 428 2534 in
440 2489 486 2534 Ms.
498 2488 566 2533 tertio
575 2486 688 2547 deinceps
699 2485 751 2531 loco
762 2485 873 2545 sequitur.
941 2485 989 2532 254
1000 2486 1105 2546 quumvis,
1118 2485 1200 2533 Ceasar.

148 2613 226 2660 caveis
237 2614 353 2671 coercitae,
364 2613 454 2662 feritate
467 2617 581 2676 deposita,
592 2630 685 2660 manum
743 2617 798 2662 246.
818 2615 873 2667 Qua
884 2615 1072 2675 madocompleau,
1084 2613 1140 2675 dte]
1158 2616 1246 2662 Edixe-

146 2678 294 2724 mausuetarii
304 2680 352 2739 pati
365 2681 462 2732 edoctae,
474 2689 498 2724 et
508 2680 595 2725 rabiem
607 2679 685 2724 exuta
709 2685 744 2722 rat
761 2678 876 2734 Petreius,
887 2685 921 2732 ut,
932 2694 1003 2738 penes
1018 2695 1086 2738 quem
1104 2680 1201 2739 quisque
1214 2682 1244 2726 sit

147 2758 171 2788 se
181 2741 246 2799 visua
259 2743 381 2802 degustato
390 2751 465 2788 tamen
476 2744 585 2803 sauguine
597 2743 619 2788 iu
626 2744 684 2803 pris·
709 2741 777 2788 miles
788 2740 895 2796 Caesaris,
905 2744 1053 2802 producatur¹
1068 2745 1194 2802 productas
1203 2758 1244 2804 pa·

147 2806 219 2853 tium
229 2807 328 2852 redeunt
338 2807 506 2853 truculentiam.
709 2804 755 2851 lam
766 2807 790 2851 in
798 2804 1064 2853 Praetoriointeriiciuut.
1077 2806 1245 2868 Fuerantpee-

179 2873 238 2919 242.
256 2869 387 2931 Magistra]
405 2872 516 2926 Custode,
527 2877 624 2918 rectore.
710 2869 779 2931 tora]
810 2870 916 2916 Addita
937 2871 1040 2931 gestibus
1060 2871 1118 2918 alios
1140 2873 1245 2927 affectus,

180 2936 237 2984 245.
255 2934 320 2981 Fecit
332 2934 491 2996 uortrafidea]
509 2937 545 2982 Ita
560 2936 685 2982 emendans
711 2935 772 2994 quod
789 2943 919 2995 eapectora
931 2936 1080 2982 confoderunt
1088 2951 1095 2993 3
1110 2951 1161 2996 quoe
1174 2938 1245 3004 naulo

148 2998 221 3060 liuga
242 2999 345 3053 Grotius,
364 2999 429 3059 legit,
446 2999 508 3046 Fecit
526 3008 600 3046 nostra
617 2999 686 3062 fides,
711 3004 763 3045 ante
774 2999 890 3060 complexi
900 3000 998 3046 fuerant.
1016 2999 1157 3062 Herminius.
1191 3010 1193 3015 '

147 3069 217 3122 etque
233 3063 266 3110 ita
281 3063 397 3122 intelligit.
423 3064 535 3111 Potaerat
550 3065 635 3110 bellum
654 3065 686 3110 ci·
744 3067 798 3112 247.
816 3063 953 3126 Geneatae]
967 3064 1082 3112 invitiso.

148 3128 193 3174 vile
211 3129 308 3174 deorum
326 3136 350 3173 et
361 3128 401 3174 fati
416 3128 536 3188 iniquioris
552 3129 627 3175 videri
638 3129 686 3174 cul·
744 3131 808 3175 248:
821 3128 851 3175 Ut
869 3130 1029 3190 deutrajasti,
1045 3128 1102 3191 dra]
1120 3132 1245 3191 Postquam

148 3207 189 3253 pa:
198 3192 327 3254 praesertim
335 3192 455 3239 siiortuita
462 3194 541 3253 praelia
549 3193 641 3254 ignotos
651 3193 686 3254 ig·
710 3199 786 3241 tamea
797 3193 953 3240 extraxissent
968 3193 1068 3256 gladium
1080 3200 1160 3240 eontra
1172 3197 1211 3256 jur
1220 3196 1246 3242 in

149 3257 211 3304 notis
221 3256 405 3316 implicuissent:
422 3273 483 3304 nunc
493 3259 597 3319 profecto
609 3263 686 3316 nqstra
711 3273 765 3302 suos
775 3258 886 3318 hospites,
904 3258 977 3314 cives,
996 3258 1139 3320 propinquos
1151 3260 1244 3306 soerita·

149 3328 193 3375 est,
211 3321 267 3381 quia
276 3321 334 3368 altar
351 3321 447 3368 alteram
458 3323 572 3378 novimus,
591 3326 686 3383 ejusque
710 3337 769 3377 rum,
780 3323 842 3370 inter
856 3323 994 3378 feriendum,
1006 3319 1084 3368 adium
1095 3323 1118 3368 iu
1130 3338 1185 3369 suos
1196 3324 1243 3370 col·

149 3385 182 3431 rei
193 3385 253 3432 certi
264 3390 288 3431 et
299 3386 366 3432 nobis
377 3387 464 3444 conscii
476 3402 555 3433 sumus
569 3402 620 3433 narn
635 3401 686 3446 qaae
709 3387 785 3447 ligant
795 3388 908 3450 simulque
925 3387 1072 3448 exprimunt:
1090 3387 1178 3434 animos
1194 3388 1245 3434 scil.

150 3457 189 3497 aut
205 3450 344 3510 ignorantia,
360 3458 401 3497 aut
417 3451 506 3511 impetu
523 3453 588 3508 liunt,
606 3466 684 3498 eorum
710 3451 776 3511 prius
795 3453 879 3500 dubios
897 3459 921 3498 et
940 3452 1075 3500 vacillantes
1092 3452 1140 3498 ictu
1162 3453 1245 3498 confir·

150 3514 217 3574 eulpa
227 3514 295 3560 facile
307 3515 355 3561 tato
369 3516 512 3575 assignatur:
525 3532 576 3576 quae
585 3515 686 3562 destina·
711 3523 781 3571 mant,
792 3517 958 3576 obdurantque.

150 3584 173 3634 to
182 3578 219 3625 reat
231 3575 256 3623 ἰιι
265 3577 408 3642 προαιρέσεως
422 3587 528 3638 aguntur,
539 3597 566 3627 ea
577 3596 622 3626 non
634 3583 686 3625 ἄτυ-
744 3583 799 3628 249.
818 3581 949 3644 Labeates]
967 3581 1113 3628 Deficientes.

150 3643 247 3706 χήματι
269 3651 330 3698 sunt,
351 3645 393 3690 sed
410 3644 542 3704 attelane.
572 3646 687 3691 Craterum
744 3647 799 3692 252.
816 3643 1162 3708 Acralatoccultum,&c.]llc
1175 3646 1247 3694 veluti
1328 3682 1333 3692 .

150 3722 195 3754 nou
205 3708 277 3754 video
294 3725 335 3754 eur
348 3715 415 3754 vetus
431 3709 500 3755 lectio
513 3709 576 3755 Fecit
589 3717 687 3756 mantra
711 3710 805 3757 sceleris
813 3711 899 3772 periret
907 3711 957 3757 laus
966 3718 990 3758 et
997 3710 1079 3772 gratia,
1091 3708 1245 3758 sicelaretur:

149 3770 383 3828 tides,tnnmonstro
400 3773 482 3820 similis
494 3773 593 3834 cuipiam
608 3775 688 3821 videa·
711 3781 856 3834 portentosas
877 3777 954 3822 caedes
980 3777 1106 3838 proferunt,
1133 3791 1245 3823 caesorum

151 3843 194 3884 tar.
212 3836 277 3893 Quin
291 3844 405 3884 tentemus
417 3838 437 3883 si
448 3838 500 3899 quis
511 3839 644 3886 commodus
653 3838 687 3884 in·
711 3846 858 3899 cognatorum
868 3840 944 3901 capita
954 3839 1052 3886 ducibus
1065 3846 1212 3901 praesentant.

151 3900 180 3947 da
199 3917 281 3948 sensus
298 3902 351 3948 elici
366 3903 447 3963 possit.
464 3903 589 3958 Petreiani,
605 3905 688 3964 inquit,
745 3899 799 3951 254.
818 3904 854 3951 Τιι
867 3904 949 3960 Cesar,
967 3903 1024 3966 δια]
1041 3905 1157 3952 Gaesarem
1169 3905 1247 3952 laudat

152 3964 206 4012 dum
214 3965 285 4023 fidem
292 3968 440 4025 jurejurando
447 3974 580 4014 renovatam
589 3969 687 4015 ducibus
712 3984 725 4013 a
739 3968 923 4030 clementiaque
939 3971 1057 4016 consessus
1074 3976 1097 4016 et
1114 3977 1245 4026 veneratus,

152 4031 252 4088 probare
271 4031 360 4088 volunt,
376 4039 538 4091 perpetrarunt
548 4039 687 4079 monstrosas
711 4033 824 4080 reveritus
840 4040 909 4094 atqua
925 4035 1027 4081 imitatus
1043 4034 1108 4089 deos,
1124 4035 1148 4080 in
1159 4035 1246 4082 milites

152 4093 238 4140 civim
249 4109 342 4142 suorum
353 4097 437 4152 credes,
448 4097 527 4157 quales
537 4110 584 4142 non
597 4099 688 4144 tortum
711 4096 894 4160 adversariorum
905 4100 944 4160 qui
956 4099 979 4146 in
991 4114 1032 4145 sua
1043 4105 1118 4146 castra
1128 4109 1246 4154 venerant,

152 4158 258 4205 victoriae
279 4159 378 4208 insolens
397 4162 540 4209 exercuisset
562 4161 588 4208 ia
608 4161 688 4209 lrostes
710 4177 755 4207 non
765 4163 874 4210 saevierit.
884 4179 981 4226 aeraque
991 4165 1034 4212 hos
1045 4179 1133 4210 summa
1147 4163 1247 4226 diligen·

151 4222 247 4270 deorum
258 4223 294 4271 ira
303 4223 380 4272 victos
395 4224 420 4271 in
436 4225 489 4285 ipsa
505 4225 638 4272 mnfusioue
649 4234 687 4274 tu·
710 4226 744 4272 tia
754 4228 896 4288 conquisitos
916 4229 1048 4287 dimiserat;
1063 4235 1147 4288 prater
1165 4229 1246 4275 tribu-³

151 4288 261 4334 multuosi
272 4288 336 4336 belli.
352 4290 399 4335 Sed
409 4290 519 4352 dispiciat
528 4291 610 4347 lector,
619 4298 643 4338 et
651 4291 686 4338 iu·
710 4307 754 4337 nos
774 4294 902 4352 permultos
921 4299 946 4340 et
964 4293 1124 4348 centuriones,
1145 4293 1246 4354 quiana

151 4352 185 4398 ira
197 4368 259 4400 vers.
272 4355 326 4405 252.
336 4355 436 4417 appellat
445 4363 548 4402 mantra.
712 4355 828 4405 voluntate
845 4359 907 4423 apud
924 4373 977 4406 sum
990 4364 1172 4421 permanserunt.
1188 4355 1246 4405 Gro·
