2784 4860
141 348 208 412 340
410 344 462 412 Μ.
504 344 710 415 ANNAEI
754 346 1001 419 Lucum·
1030 386 1037 393 -

142 523 252 588 Omne
265 540 387 587 nemus
401 523 496 587 misit
509 525 679 603 volucres,
696 526 875 609 omnisque
892 532 1033 595 cruenta

141 633 236 700 Alite
251 635 448 718 sanguineis
463 636 606 702 stillavit
619 638 753 702 roribus
769 638 880 703 arbor.

142 745 245 832 Saepe
260 768 363 832 super
378 748 492 812 vultus
508 749 661 827 victoris,
677 755 711 813 et
725 750 833 833 impia
848 751 948 833 signa

141 857 214 923 Aut
225 879 335 937 cruor,
351 866 410 924 aut
421 860 491 924 alto
507 859 650 925 defluxit
664 863 708 926 ab
725 862 849 927 aethere
863 864 974 941 tabes,

143 970 367 1055 Membraque
383 973 509 1057 dejecit
519 972 592 1056 jaun
602 973 706 1039 lassis
720 975 891 1056 unguibus
903 975 989 1041 ales.
1185 973 1257 1041 840

142 1081 201 1148 Sic
218 1103 355 1167 quoque
370 1103 440 1149 non
455 1085 566 1148 omnis
581 1085 732 1168 populus
743 1086 899 1168 pervenit
913 1086 958 1151 ad
973 1104 1067 1165 ossa,

142 1195 251 1279 Inque
268 1198 358 1261 feras
374 1197 567 1280 discerptus
584 1198 674 1261 abit:
697 1217 766 1262 non
780 1198 900 1262 intima
920 1202 1040 1263 curant

141 1306 299 1385 Viscera,
315 1330 379 1373 nec
395 1314 485 1372 totas
501 1309 601 1373 avido
618 1311 755 1374 sorbere
770 1310 963 1375 medullast
1118 1298 1122 1305 ¹
1197 1300 1203 1307 ’

142 1419 335 1501 Degustant
349 1426 453 1483 artus
499 1418 608 1484 Latiae
624 1441 705 1504 pars
714 1421 866 1486 maxima
881 1421 990 1487 turbae
1062 1433 1065 1437 ’

142 1528 313 1595 Fastidita
324 1530 440 1615 jacet3
464 1551 566 1614 quam
579 1534 643 1610 sol,
659 1535 845 1618 nimbique,
861 1534 1004 1616 diesque
1184 1528 1255 1597 845

141 1640 291 1725 Longior
307 1641 474 1705 Emathiis
489 1644 673 1708 resolutam
688 1647 828 1709 miscuit
842 1645 945 1709 arvis.

183 1752 387 1817 Thessalica
401 1754 522 1818 infelix
537 1774 606 1836 quo
622 1760 717 1815 tauto
733 1756 873 1816 erimine
886 1740 1001 1816 tellus

140 1864 280 1943 Laesisti
295 1864 458 1948 SuperoS,
474 1870 513 1928 ut
526 1869 559 1926 te
570 1868 622 1926 tot
635 1865 802 1926 mortibus
817 1883 931 1941 unam,

139 1976 208 2040 Tot
229 1977 395 2043 scelerum
409 1977 490 2040 fatis
509 1974 721 2059 premerent?
745 1974 838 2057 quod
854 1973 980 2040 sufficit
994 1994 1118 2056 aevum,

139 2084 325 2153 Immemor
340 2093 378 2152 ut
392 2088 496 2152 donet
510 2087 592 2150 belli
603 2086 666 2150 tibi
677 2085 802 2150 damna
816 2089 996 2152 vetustas‘t
1184 2087 1252 2154 850

143 2201 232 2281 Quae
249 2222 347 2283 seges
363 2200 490 2265 infecta
500 2204 614 2292 surget
627 2218 697 2264 nou
707 2182 847 2263 decolor
858 2198 989 2264 herbal

143 2313 224 2394 Quo
235 2334 304 2376 non
317 2313 495 2377 Romanos
510 2312 658 2377 violabis
672 2331 809 2376 vomere
824 2332 943 2377 manes
954 2313 984 2376 l'

141 2424 231 2491 Anto
246 2445 346 2488 novae
363 2425 499 2488 venient
514 2425 619 2503 acies,
636 2425 824 2510 scelerique
844 2426 997 2491 secundo

141 2535 330 2600 Praestabis
342 2537 491 2600 nondum
506 2536 620 2601 siccos
635 2537 700 2601 hoe
717 2539 882 2621 sanguine
898 2557 1053 2623 campos.

140 2658 266 2724 Omnia
280 2662 448 2745 majorum
463 2666 634 2726 vertamus
649 2662 752 2725 busta
763 2662 893 2741 licebit,
1158 2642 1162 2647 ⁵
1183 2660 1255 2729 855

207 2775 255 2823 887
272 2774 341 2819 arlais.
424 2777 472 2820 840
489 2773 551 2819 lueis.
649 2777 698 2821 844
715 2771 891 2836 Degustantqae.
983 2775 1031 2822 845
1047 2773 1185 2837 mediusque.

280 2842 327 2887 847
346 2837 465 2895 Thessalia,
479 2837 601 2886 Thessalia.
667 2841 715 2886 847
731 2839 785 2899 quid
795 2848 890 2888 inritam.
957 2841 1004 2888 851
1021 2846 1111 2903 surgat.

175 2942 230 2990 836.
250 2939 432 3002 Criten111,&e.]
462 2940 562 3000 Sanguis
583 2940 685 2987 stillabat
744 2942 799 2987 84⁷.
829 2938 953 2989 Tbemliea
974 2941 1073 3008 insilia]
1116 2943 1255 2990 Damam

142 3008 171 3052 nh
190 3006 321 3060 arboribus,
338 3022 383 3066 quo
401 3006 468 3052 alites
490 3014 578 3066 partem
599 3007 684 3065 prada>
710 3004 853 3052 Thessaliam
875 3014 922 3053 iam
943 3006 1080 3061 miserandae
1101 3007 1164 3054 eladi
1181 3007 1254 3056 diris·

143 3078 313 3131 congesserant.
710 3085 755 3137 que
767 3070 820 3117 latis
831 3073 970 3129 damnatam,
980 3081 1007 3120 ut
1018 3088 1088 3134 supra
1099 3088 1134 3119 vs.
1145 3075 1202 3121 301.

177 3140 232 3184 841.
250 3136 287 3185 Sic
297 3152 381 3199 quoque
392 3152 434 3183 ima
443 3138 521 3195 emilis,
531 3135 589 3200 &c.]
603 3138 684 3196 Neque
744 3138 799 3183 849.
819 3136 885 3189 Quod
893 3133 975 3198 sqffieii
981 3137 1072 3200 avam]
1085 3138 1253 3198 Qumamsavi

142 3204 197 3248 ferae
209 3203 343 3263 discerpunt
351 3203 418 3249 eadm
425 3218 472 3260 era,
482 3208 520 3248 aut
530 3202 616 3247 nudant
625 3217 684 3255 ossa,
710 3200 850 3247 diuturnitas
861 3202 948 3263 poterit
957 3202 1037 3251 eluere
1055 3210 1079 3250 st
1097 3203 1193 3251 stetere
1202 3216 1254 3251 mo·

142 3285 188 3323 non
198 3268 310 3318 rimantur
322 3269 425 3324 viscera,
435 3268 460 3314 in
471 3273 533 3314 tauta
544 3267 684 3313 abundantia
710 3266 806 3317 moriam
816 3266 874 3313 tanti
886 3268 982 3315 damni?

143 3332 228 3381 sufficit
244 3336 379 3395 degustasse
396 3334 506 3394 piamque
521 3332 642 3378 fastidiose
660 3339 684 3379 et
743 3333 798 3377 851.
817 3332 873 3384 Qnae
881 3346 940 3395 seges
949 3331 1045 3397 surget]
1062 3332 1172 3390 Hooost,
1188 3333 1254 3381 uuila

125 3394 128 3399 ’
144 3401 214 3446 deute
227 3401 334 3461 superbo.
709 3410 777 3454 seges
788 3396 811 3440 in
822 3396 966 3445 Thessaliois
983 3398 1071 3459 eampis
1089 3405 1178 3459 surget,
1193 3398 1256 3460 quiu-
1326 3418 1329 3423 ·

178 3468 233 3515 842.
252 3463 392 3528 lnqueseras
405 3463 472 3526 abit]
491 3461 683 3509 Convertitseiu
709 3460 934 3509 sitdeeolerfutura
951 3470 975 3510 et
993 3460 1200 3524 purpureooolose
1215 3464 1254 3511 iu-
1295 3478 1301 3485 ·

144 3546 236 3578 earnem
247 3533 355 3585 semrom,
366 3546 416 3591 qua
427 3530 467 3576 illa
475 3544 542 3576 earne
552 3528 682 3574 alebantur.
708 3526 776 3573 leuia.
803 3526 909 3575 Hortata.
927 3526 1022 3576 Decolor
1038 3526 1127 3591 barba]
1155 3528 1178 3575 Δ
1198 3542 1252 3577 sau·

143 3596 260 3657 Sulpilias.
284 3593 622 3656 laquejeraadiscerplasabit.
646 3593 684 3638 Ita
709 3591 893 3650 guinehieiuso.
1190 3622 1193 3629 ·

143 3665 282 3710 Juvenum.
302 3666 340 3707 14.
354 3649 400 3707 t'uta
420 3656 683 3706 iumaliuseeuoelnaen·
742 3659 797 3711 852.
817 3656 916 3723 lienes]
944 3658 991 3717 Qui
1014 3657 1040 3705 ib
1064 3656 1194 3720 sepulchris
1213 3673 1253 3707 ar-

142 3737 187 3773 tres
197 3727 282 3775 abeam
295 3738 319 3774 et
330 3726 401 3773 Ovid.
413 3728 436 3772 8.
450 3727 544 3772 Metam.
557 3724 647 3770 dembse
658 3724 683 3770 iu
708 3728 766 3776 rant,
783 3738 825 3768 nee
845 3722 890 3768 uisi
899 3724 970 3784 justis
989 3723 1073 3771 solutis
1090 3724 1252 3788 Styga-traua·
1322 3746 1329 3757 ·

142 3795 226 3841 vitem
236 3810 309 3839 creusa.
708 3787 829 3834 vehuntur.

177 3860 234 3907 844.
252 3857 324 3917 Latia
343 3872 396 3918 pars
417 3857 519 3912 inuaima,
535 3854 592 3919 &e.]
613 3853 683 3911 Quod
742 3854 797 3901 853.
816 3853 876 3900 Ante
891 3868 951 3902 noea
970 3855 1059 3904 misni
1077 3854 1155 3919 uem]
1177 3854 1254 3903 Aute-
1293 3898 1301 3909 ,

144 3932 220 3973 anius
231 3934 293 3971 esset
311 3938 423 3979 caesorum,
439 3937 548 3968 uumerus
567 3928 591 3968 et
606 3920 684 3967 multi·
709 3931 776 3977 quam
788 3919 924 3966 aboleentur
935 3920 1023 3982 prioris
1042 3922 1110 3982 liujus
1120 3920 1179 3969 belli
1192 3920 1253 3969 uisi·

144 3984 210 4046 tudo,
229 4002 254 4037 ut
274 4005 318 4037 nou
340 3987 458 4050 potuerint
480 4003 559 4034 omnes
580 3984 683 4047 depasci.
709 3983 859 4045 lisvestigia,
877 3987 1013 4033 lnieeodem
1033 3986 1253 4047 esmpuueudurua

145 4056 252 4103 Heriem.
709 4049 783 4109 priori
796 4050 1044 4111 sunguineexsieeato,
1060 4050 1252 4113 oaufligsnihim

178 4125 234 4170 846.
255 4119 492 4169 Esuethiistesolalam
510 4118 618 4180 miscuit]
636 4117 684 4163 Pu·
710 4115 825 4162 Antonius
843 4124 868 4163 et
887 4117 1014 4175 Outaviw
1043 4116 1098 4163 inde
1123 4118 1252 4165 lirutm'st

144 4189 234 4237 tredine
245 4192 383 4247 corruptura,
400 4185 423 4230 in
435 4190 517 4229 terrain
529 4184 684 4229 Tiressalicam
710 4178 806 4226 Cassius
828 4183 930 4228 seeundo
953 4183 1014 4229 bello
1036 4182 1131 4230 ιιοῖιήο.
1176 4182 1252 4241 Queri
1326 4200 1330 4205 ·

144 4254 291 4317 redegerunt.
309 4251 414 4311 Corpora
422 4249 639 4295 enimsiveeoudita
650 4251 684 4294 lu·
710 4254 785 4292 mmeu
798 4262 870 4307 prope
882 4248 1003 4311 Philippos
1014 4248 1095 4294 urben
1107 4248 1253 4296 llaoeduuln

145 4319 214 4375 erint,
232 4320 283 4365 sive
301 4316 419 4377 insepulta
433 4314 597 4374 relinquantur,
612 4315 684 4361 resol-
710 4312 1253 4362 connumerationemmundabat.

145 4384 360 4432 vunturinterram
378 4379 529 4427 diuturnitate
541 4386 565 4427 et
582 4379 684 4441 longitu-
743 4379 798 4426 855.
817 4377 900 4425 Omiiia
920 4381 1038 4441 majam,
1054 4376 1099 4425 8ο.
1140 4377 1253 4441 Quodsi

145 4452 200 4498 ‹liue
210 4448 328 4512 temperis,
338 4447 400 4510 quod
410 4445 487 4494 omnia
496 4444 604 4494 absumit.
617 4443 685 4493 Hert.
710 4443 788 4490 omnia
804 4443 961 4493 &manemus
977 4458 1032 4493 essa
1044 4448 1071 4491 st
1183 4442 1253 4493 -veh-
