2784 4860
137 355 205 423 126
356 349 941 425 .m.ANNAE1L1JcaN1
1050 360 1061 411 1

137 527 299 612 Accipit:
323 527 377 592 hae
393 528 487 595 nullo
501 528 648 594 fixerunt
666 532 789 595 robore
810 535 945 608 terram,

138 640 208 706 Sed
223 660 284 722 per
298 639 361 702 iter
376 639 514 720 longum
530 658 638 704 causa
661 660 798 725 repsere
813 641 944 706 latenti.

140 748 228 816 Cum
243 755 374 815 tantum
388 755 522 816 nutaret
536 771 637 829 onus,
658 752 789 816 telluris
805 753 925 816 inanes

139 861 367 928 Concussisse
381 863 477 927 sinus
493 869 702 946 quaerentem
727 883 903 946 erumpere
916 867 1055 929 ventum

140 973 303 1050 Credidit,
328 979 361 1037 et
375 994 490 1038 muros
504 976 627 1039 mirata
637 982 690 1038 est
705 981 795 1041 stare
807 975 981 1059 juventus..

140 1085 242 1150 Illinc
256 1086 326 1149 tela
347 1085 473 1148 'cadunt
487 1087 646 1151 excelsas
662 1088 755 1151 urbis
771 1088 807 1150 in
823 1106 933 1151 arces.

141 1196 210 1260 Sed
226 1197 336 1280 major
352 1196 458 1260 Graio
471 1195 631 1261 Romana
643 1198 681 1260 in
696 1217 842 1280 corpora
856 1175 946 1262 ferro

140 1307 206 1372 Vis
222 1309 340 1372 inerat.
362 1328 474 1392 neque
490 1309 581 1372 enim
596 1309 681 1373 solis
696 1327 848 1373 excussa
861 1308 999 1375 lacertis
1211 1350 1214 1357 ·

141 1419 291 1495 Lancea,
315 1419 376 1481 sed
392 1424 489 1481 tenso
504 1419 653 1483 ballistae
669 1418 802 1481 turbine
817 1423 929 1501 raptu,
1182 1418 1255 1487 466

141 1529 362 1601 Haudunum
378 1529 637 1592 contentalatus
647 1529 801 1606 transire,
825 1529 1002 1611 quiescite

141 1638 211 1703 Sed
226 1639 380 1720 pandens
395 1659 524 1721 perque
539 1658 634 1702 arma
647 1639 750 1716 viam,
773 1659 903 1722 perque
916 1659 1011 1718 ossa,
1033 1640 1155 1706 relicta

142 1750 254 1814 Morte
271 1750 373 1832 fugit:
397 1755 555 1832 superest
567 1751 637 1815 telo
652 1756 733 1834 post
747 1751 888 1814 vulnera
907 1770 1040 1817 cursus.

119 1920 124 1926 .
142 1860 190 1925 At
206 1881 328 1926 saxum
344 1862 479 1944 quoties
494 1862 622 1943 ingenti
637 1863 798 1945 ponderis
813 1863 885 1927 ictu
1108 1940 1114 1952 Ι

142 1972 334 2049 Excutitur,
356 1973 469 2056 qualis
484 1993 599 2056 rupes,
623 1993 726 2056 quam
740 1973 868 2037 vertice
883 1974 1010 2038 montis
1184 1975 1253 2043 470

141 2082 303 2149 Abscidit
318 2085 467 2167 impulsu
484 2089 661 2148 ventorum
676 2084 795 2168 adjuta
809 2089 975 2162 vetustas,

144 2195 283 2277 Frangit
298 2199 423 2258 cuncta
436 2215 555 2259 ruens:
578 2214 642 2258 nec
654 2200 784 2258 tantum
800 2215 948 2280 corpora
957 2216 1079 2280 pressa

142 2304 344 2369 Exanimat:
368 2310 459 2369 totos
475 2325 554 2368 cum
565 2306 729 2388 sanguine
745 2306 894 2390 dissipat
908 2313 1012 2379 artus,

143 2415 193 2481 Ut
206 2422 320 2480 tamen
334 2416 476 2480 hostiles
493 2417 601 2481 densa
614 2417 783 2482 testudine
798 2438 914 2486 muros

143 2590 192 2640 457
208 2597 229 2637 et
238 2589 297 2638 null.
435 2594 484 2640 463
492 2589 569 2656 ferro,
586 2590 664 2639 Graio.
794 2594 845 2640 464
860 2595 979 2642 necerim.
1111 2597 1161 2648 465
1177 2605 1251 2652 um

333 2669 382 2718 466
398 2668 488 2729 putent.
619 2671 668 2719 469
684 2669 789 2716 verberis.
889 2674 937 2719 471
954 2672 1070 2734 criy‘uueta.

144 2840 193 2872 rem
203 2823 372 2870 constituuntur
381 2831 455 2871 turres
469 2824 520 2870 duae
531 2823 690 2870 ambulatorius
715 2823 783 2869 mbas
802 2821 877 2872 vinea>
894 2823 1008 2873 sustinere
1024 2825 1150 2888 potuerint,
1183 2826 1253 2875 (lon-

145 2905 189 2936 ceu
200 2889 305 2947 reptiles,
323 2905 374 2948 qnae
383 2889 502 2945 trochleis,
518 2888 585 2944 rotis,
597 2889 690 2935 funibus
715 2895 786 2936 ment.
797 2886 851 2934 bell.
861 2887 924 2935 civil.
936 2891 959 2939 2.
1267 2942 1271 2949 ⁸

146 2970 173 3001 ιο
188 2954 267 3001 nervis
284 2953 345 3000 intus
363 2962 421 3000 actae
439 2954 601 3014 procederent.
621 2955 689 3000 Com·
748 2954 805 3002 465.
825 2952 992 3000 Tenaobullistae
1009 2954 1195 3018 turbinempta]
1211 2957 1254 3005 Sa·

144 3025 216 3066 ment.
229 3022 251 3065 9.
262 3019 307 3064 bel.
319 3019 365 3065 civ.
377 3019 432 3066 vide
443 3027 468 3065 et
479 3018 656 3079 Vegetium-lib.
664 3020 688 3066 3.
716 3017 786 3078 gittar
796 3018 887 3064 balistis
897 3019 1001 3077 emissas,
1016 3033 1091 3079 neque
1101 3021 1199 3077 ossium,
1213 3036 1254 3070 nc»

146 3099 197 3145 cup.
210 3087 233 3130 1.
716 3097 760 3142 que
783 3099 897 3130 armorum
919 3084 956 3131 vis
975 3090 1085 3145 moratur,
1111 3100 1158 3148 quo
1174 3085 1254 3135 nim

179 3152 235 3198 458.
253 3147 297 3195 Sed
315 3163 356 3208 per
376 3148 420 3194 iter
443 3147 542 3210 longum,
559 3146 616 3210 διο]
643 3146 689 3193 11ae
715 3149 827 3197 nansfixo
845 3163 914 3206 quem
933 3147 1082 3204 destinarant,
1107 3149 1178 3199 etiarn
1193 3151 1262 3208 ulte,

146 3221 223 3260 turres
234 3214 285 3260 duae
297 3213 326 3258 ad
338 3213 485 3259 altitudinem
496 3216 612 3260 murorum
622 3227 689 3258 erec·
714 3211 764 3260 rius
772 3212 871 3260 evolent.
892 3213 996 3270 Baliatoe,
1004 3213 1255 3267 utetcliaruurmcbi'

146 3287 187 3335 tte,
211 3279 245 3326 ita
262 3277 372 3339 paulatim
390 3278 555 3337 procedebant,
577 3284 603 3324 ut
621 3292 692 3324 nemo·
715 3293 794 3325 namra
814 3278 919 3335 formam,
933 3276 988 3326 vide
998 3279 1060 3340 apud
1071 3282 1123 3330 Am.
1135 3280 1259 3335 Marcellis

147 3359 240 3391 oausam
257 3351 333 3391 motus
349 3342 431 3400 videre
443 3344 560 3403 potuerit:
578 3342 611 3389 ita
627 3341 689 3389 eninr
715 3358 768 3390 nuru
776 3341 817 3389 lib.
830 3344 869 3393 23.
1016 3341 1019 3346 '

147 3410 351 3470 promovebantur,
367 3415 447 3455 utrua
462 3415 545 3468 sponte
561 3408 689 3467 procedere
746 3409 802 3455 46⁷.
819 3405 909 3454 Relicto
925 3414 995 3459 morte
1007 3404 1101 3474 fugit]
1127 3409 1257 3472 Egreditur

148 3475 291 3530 viderentur,
308 3470 431 3534 αὐτόματα
441 3489 455 3519 a
472 3473 560 3520 Graccis
571 3471 689 3528 dicuntur,
713 3470 794 3517 relicto
804 3471 922 3518 mortifero
932 3473 1035 3520 vulnere.

150 3554 201 3598 qnae
219 3555 243 3585 se
258 3539 353 3585 funibus
365 3553 391 3584 ae
409 3539 488 3585 nervia
506 3538 591 3585 latente
612 3552 689 3592 causa,
746 3539 802 3586 468.
820 3536 985 3597 Supererat,
1001 3537 1057 3600 διο]
1076 3539 1255 3595 Portvulm

149 3610 228 3663 agunt.
248 3603 355 3650 Hmtenr.
713 3606 763 3648 tum
774 3602 938 3662 trajectumque
949 3602 1072 3662 bominem,
1088 3605 1160 3653 telum
1175 3619 1254 3666 egres·

182 3671 238 3718 469.
258 3668 418 3714 Contentum
432 3675 532 3724 nutaret,
549 3665 605 3729 διο]
624 3667 688 3724 Ques
713 3681 764 3713 sum
774 3666 871 3714 ulterius
886 3667 971 3714 evolat.
1003 3668 1122 3735 sulpitius.

149 3731 222 3778 moles
234 3748 287 3778 cum
302 3734 409 3779 viderent
419 3732 579 3779 Massilienses
588 3732 689 3778 nutando
747 3734 805 3780 469.
822 3736 854 3779 At
863 3745 941 3779 taxum
952 3735 1043 3794 quoties,
1053 3732 1111 3795 διο]
1122 3734 1186 3783 Saxa
1196 3749 1256 3789 vern

149 3797 285 3859 procedere,
292 3797 419 3842 credebant
427 3797 451 3842 id
460 3805 526 3843 terrae
534 3803 605 3853 motu,
611 3796 690 3859 (cujus
715 3796 806 3843 balistis
821 3796 912 3852 emissa,
921 3812 967 3843 non
978 3798 1061 3845 minori
1071 3799 1096 3846 vi
1107 3812 1176 3859 qum
1182 3794 1260 3861 rupea*
1298 3815 1300 3819 ’

149 3867 264 3909 causaest
275 3866 359 3908 ventus
370 3860 394 3905 in
403 3861 510 3907 cavernis
521 3870 588 3908 terrae
600 3863 690 3908 luctans
715 3868 831 3917 vetustate
841 3877 913 3909 exesa
920 3868 945 3908 et
955 3863 1019 3911 venti
1033 3863 1136 3924 procella
1145 3852 1254 3926 abiuptt,

149 3933 174 3974 et
192 3926 281 3973 exitum
297 3922 417 3989 quaerens)
440 3927 535 3982 iactum,
550 3927 623 3974 muris
637 3942 691 3988 pro·
715 3942 814 3987 corpora
824 3925 964 3974 comminuit.
984 3927 1098 3979 obtritum
1115 3929 1256 3989 peritorum

148 3990 203 4038 inde
216 3991 264 4037 suis
278 3991 398 4037 timebant.
715 3993 811 4040 cadaver
822 3991 886 4039 More
895 3993 982 4041 anime.
999 3993 1082 4041 Juven.
1094 4000 1137 4040 sat.
1146 3997 1171 4042 3.

181 4060 239 4106 462.
257 4054 326 4103 Illinc
346 4055 392 4102 teu
411 4053 517 4117 cudunt]
536 4056 575 4102 Ex
592 4055 624 4103 iis
642 4063 691 4104 1111·
748 4061 803 4107 474.
823 4055 944 4110 Testudioe
961 4072 1043 4115 moror,
1068 4056 1126 4119 &cd
1148 4058 1256 4112 Tertulla

147 4121 220 4170 ribus
716 4123 809 4186 proprie
818 4127 867 4168 erat
874 4123 999 4170 tabulatum
1007 4139 1038 4171 ex
1046 4123 1254 4187 tubibmfactpn.

161 4239 164 4244 ,
181 4191 240 4238 463.
258 4183 335 4246 Mulon
347 4183 417 4244 Gru-io
430 4182 542 4241 Romanu,
560 4183 616 4246 tre]
633 4185 692 4231 Tan-
717 4187 786 4234 coriis
799 4203 832 4239 uc¹
842 4187 925 4240 ciliciis
936 4196 1070 4237 contextum
1083 4188 1198 4241 adversus
1206 4189 1268 4239 teh‘

147 4259 187 4300 tus
198 4254 222 4300 in
240 4251 329 4312 oppido
346 4249 447 4296 omnium
467 4265 544 4296 rerum
560 4253 589 4298 ad
606 4250 692 4297 bellum
717 4258 741 4301 et
756 4252 899 4313 incendium,
916 4255 959 4301 sub
977 4269 1023 4315 qua
1040 4251 1126 4301 militer
1145 4252 1263 4313 latentem.

150 4324 281 4379 epparctnr,
300 4320 408 4374 tantaque
424 4314 548 4363 multitudo
567 4321 692 4367 tormento-
716 4317 778 4365 viam
788 4318 890 4367 turribus
899 4318 1031 4369 muniebant
1040 4325 1081 4371 att
1087 4315 1256 4374 vineimolu

149 4397 209 4457 run,
221 4389 253 4442 ,ιιιΙ
263 4393 344 4453 eprum
355 4378 402 4428 vim
412 4379 484 4428 nulle
500 4384 615 4453 copone
624 4379 692 4451 timi:
717 4380 887 4445 MWW
897 4398 977 4453 481⁰!
985 4384 1113 4440 1441011111
1125 4378 1262 4444 Q&
