2784 4860
265 313 534 407 crv'rnrs.
578 336 763 406 anani
782 338 921 430 ιιιι
960 339 989 406 ι
1155 338 1194 403 ra

98 518 197 584 Fene
213 537 403 594 manum,e
404 521 606 600 tnunquam
619 516 814 582 temerando
830 519 968 600 parcere
984 516 1092 580 ferro:

96 630 288 692 Successus
304 648 420 709 urgere
441 647 543 692 suos:
566 630 691 692 instare
705 627 815 692 favori
1126 628 1147 640 ‘¹

98 738 279 802 Numinis
301 724 488 820 impellens
504 737 667 819 quicquid
688 738 754 800 sibi
772 754 904 801 summa
918 735 1046 820 petenti
1077 741 1078 744 ’

97 841 277 915 Obstaret:
301 845 520 927 gaudensque
541 848 635 911 riam
651 847 776 911 fecisse
791 847 898 909 ruina.
1131 844 1195 908 150

98 956 252 1035 Qualiter
268 947 468 1036 expressum
483 957 593 1018 ventis
608 977 670 1038 per
686 957 804 1019 nubila
823 957 950 1020 fulmen

98 1067 247 1130 AEtheris
261 1064 400 1146 impulsi
415 1064 546 1140 sonitu,
554 1066 738 1148 mundique
752 1052 882 1147 fragore

98 1177 258 1251 Emicuit,
273 1175 431 1257 rupitque
446 1175 547 1250 diem,
571 1177 787 1259 populosque
802 1181 965 1258 paventes
1044 1189 1046 1191 ’

97 1280 242 1362 Terruit,
258 1276 400 1367 obliqua
413 1286 659 1368 praestinguens
673 1286 801 1349 lumina
815 1286 967 1350 flamma:

99 1397 141 1463 In
155 1416 219 1462 sua
233 1396 363 1479 templa
377 1388 475 1458 furit:
498 1397 659 1478 nullaque
681 1397 773 1460 exire
788 1400 921 1463 vetante
1086 1409 1088 1412 ’
1134 1396 1199 1462 155

101 1508 259 1584 Materia,
275 1493 499 1588 magnamque
515 1505 652 1583 cadenS,
667 1527 891 1589 magnamque
907 1497 1083 1571 revertens

101 1620 171 1685 Dat
186 1608 333 1700 stragem
346 1619 426 1694 late,
443 1637 650 1701 sparsosque
665 1618 832 1698 recolligit
845 1615 952 1698 ignes.

101 1729 171 1794 Hae
189 1729 335 1792 ducibus
356 1721 471 1792 causae
488 1720 666 1793 suberant:
691 1728 752 1792 sed
767 1728 907 1810 publica
921 1727 1004 1790 belli

101 1840 254 1914 Semina,
271 1859 349 1921 quae
365 1839 515 1922 populos
532 1858 666 1920 semper
679 1858 823 1902 mersere
838 1841 1005 1919 potentes
1047 1852 1049 1856 ‘

101 1949 261 2031 Namque
277 1954 315 2012 ut
329 1964 414 2031 opes
428 1943 552 2012 nimias
566 1948 692 2010 mrmdo
707 1947 841 2010 fortuna
855 1948 998 2010 subacto
1136 1945 1200 2010 160

102 2059 231 2135 Intulit,
244 2064 278 2123 et
291 2051 393 2123 rebus
410 2077 521 2122 mores
537 2077 669 2124 cessere
680 2058 851 2133 secundis
885 2097 888 2102 -

103 2169 294 2252 Praedaque
311 2174 345 2232 et
358 2169 499 2233 hostiles
513 2169 632 2232 luxum
648 2188 785 2232 suasere
799 2168 928 2250 rapinae
939 2164 954 2230 ι’

102 2276 182 2344 Non
199 2298 294 2354 auro,
309 2278 451 2343 tectisve
466 2279 607 2358 modus:
622 2298 826 2360 mensasque
842 2278 972 2364 priores

50 2425 52 2430 ·
147 2417 194 2464 152
209 2429 301 2475 pavore.
372 2415 448 2462 154
462 2415 619 2476 perstringens
626 2415 795 2476 praestringens.
899 2415 947 2462 158
963 2413 1070 2464 taberent
1081 2427 1160 2460 ιιιιιιιι.

97 2521 100 2524 ’
133 2517 190 2562 147.
208 2513 280 2562 Ferre
300 2513 412 2575 manaem]
440 2515 559 2569 Conferre,
581 2532 635 2562 con·
660 2515 737 2576 pergit
748 2522 773 2561 et
786 2495 938 2574 retorquetur,
949 2521 973 2560 et
983 2513 1117 2574 drssrpatnrn
1129 2515 1192 2562 flam

98 2586 179 2626 ‘serere
209 2594 317 2640 pugnam.
371 2577 511 2626 Temerunda
540 2594 636 2639 parcere
660 2595 720 2625 mam
736 2579 879 2639 conglobat.
882 2578 961 2624 Jabclr.
974 2574 1062 2625 Camer.

100 2643 184 2709 fertur]
173 2643 299 2704 ]'l'emere
319 2645 466 2697 cruentando,
483 2643 523 2688 ubi
539 2644 636 2690 resvim
695 2645 750 2691 156.
768 2642 920 2704 Magnumque
931 2643 1020 2696 cadens
1036 2642 1096 2704 &c.]
1113 2645 1140 2689 ln
1151 2645 1192 2690 de

104 2715 325 2768 clarmaposceret.
342 2707 450 2754 intralib
463 2711 485 2752 1.
496 2724 532 2754 vs.
546 2710 603 2755 439.
662 2707 788 2767 scriptione
800 2707 923 2752 effectuum
935 2707 1046 2760 fulminis,
1056 2707 1152 2767 resprerl
1163 2709 1192 2754 ad

136 2775 191 2820 149.
210 2771 330 2832 impellens
342 2772 456 2832 quicquid
473 2771 530 2832 bra]
548 2773 584 2818 Ita
596 2774 636 2818 Se
662 2771 805 2818 celeritatem
816 2770 928 2817 Caesans
922 2786 945 2816 ιιι
955 2771 1067 2816 obeundis
1076 2771 1193 2832 expedita
1248 2771 1250 2778 ’

103 2850 160 2884 neca
180 2838 209 2883 de
230 2838 331 2883 Xerxe.
351 2835 436 2882 Dium
453 2844 519 2896 utque
540 2836 637 2882 bumana
662 2835 751 2882 onibus.

104 2899 253 2960 impellentem
266 2908 287 2947 et
298 2907 422 2946 mutantem
431 2901 538 2961 quicquid
549 2901 637 2947 obstite-
696 2902 751 2949 157.
769 2897 911 2960 Ranilum]
928 2901 1018 2946 Puncta
1038 2897 1148 2961 temporis
1160 2898 1194 2945 ai-

102 2972 149 3019 ται,
167 2967 263 3012 trecenti
280 2973 340 3011 stare
356 2968 486 3027 jusserunt.
503 2965 544 3012 lib.
565 2968 588 3013 6.
607 2966 637 3011 de
661 2964 789 3010 brutiorem
810 2963 908 3010 illumin
924 2979 1002 3010 omnes
1018 2963 1097 3010 mundi
1114 2964 1194 3024 plagas

102 3029 185 3075 ‘Benel
203 3045 254 3090 cap.
266 3031 306 3076 31.
662 3029 777 3082 emissam,
793 3028 890 3088 colligit,
906 3036 933 3074 ut
950 3027 1039 3074 nescias
1051 3044 1096 3088 quo
1107 3043 1195 3090 remea·

137 3094 193 3139 1⁵0.
212 3092 311 3154 Butram]
328 3095 386 3139 (lum
398 3092 498 3139 hostium
509 3091 574 3138 clade
585 3107 637 3153 per·
662 3092 701 3138 rit.
735 3091 880 3138 Hortensius.
1227 3131 1235 3139 .

103 3157 196 3216 rupisse
207 3158 321 3203 confertas
332 3157 402 3203 acies.
420 3156 563 3204 Hortensius.
695 3159 751 3205 158.
770 3157 813 3203 Sed
822 3156 916 3216 publica
931 3155 1003 3217 tetta]
1021 3155 1088 3203 Sexta
1104 3163 1126 3202 et
1140 3155 1195 3202 atri-

139 3223 194 3270 151.
213 3221 339 3282 Qualiter]
356 3221 456 3267 Gaesaris
468 3221 585 3267 heroicum
596 3221 638 3266 im·
662 3236 788 3270 mucausu.
821 3221 1048 3276 Romanorumvitia,
1065 3237 1095 3267 ex
1107 3221 1196 3266 diutina

103 3291 184 3345 petum
192 3285 216 3330 in
226 3287 296 3331 rebus
312 3286 428 3345 gerendis,
444 3301 489 3330 non
506 3285 581 3330 minus
592 3285 638 3330 ele
662 3300 720 3344 pace
738 3292 762 3330 et
776 3285 847 3330 nimia
864 3284 974 3330 felicitate
993 3285 1063 3330 luxus
1083 3286 1106 3330 in
1124 3284 1195 3330 adifi-

106 3348 170 3409 ganti
189 3349 358 3409 comparatione
378 3349 509 3408 amplificat,
527 3364 541 3393 a
559 3355 639 3394 nature
664 3348 715 3402 ciis,
731 3348 798 3402 cibis,
821 3348 942 3394 vestibus.
966 3350 1070 3401 eventia,
1092 3347 1195 3404 ambitio,

105 3412 207 3459 fulminis
225 3420 249 3459 et
268 3415 318 3472 ejus
338 3412 435 3458 effectis.
454 3411 560 3458 Hortens.
593 3411 639 3458 Ει-
664 3410 890 3467 dominandilibido,
903 3411 1036 3486 seditiones,
1051 3412 1128 3458 studia
1143 3427 1195 3473 par

104 3490 205 3536 premam
213 3484 313 3530 ventam
323 3475 381 3537 ἂι]
399 3478 437 3522 Ex
448 3491 554 3537 oprnrone
566 3477 639 3522 Zeno
664 3476 732 3529 tium,
749 3475 794 3537 &c

106 3540 150 3595 nis,
162 3541 206 3616 ,qui
226 3541 312 3587 tulmen
325 3540 400 3586 voluit
418 3556 470 3586 esse
487 3539 612 3586 validam
604 3556 640 3586 ru·
697 3543 753 3590 159.
772 3540 995 3602 Populaapateutea]
1015 3540 1130 3602 Assyrios,
1141 3541 1197 3588 Per

105 3604 261 3651 censioneme
279 3603 379 3650 nubibus
395 3603 457 3650 inter
477 3619 501 3649 se
519 3603 544 3648 vi
560 3610 640 3650 vento·
665 3619 711 3658 sas,
730 3605 924 3659 Lacedaemonios,
942 3605 1140 3665 Carthaginenses,
1151 3607 1197 3652 Go-

107 3683 159 3714 rnm
180 3668 268 3715 collisis
289 3674 445 3727 erumpentem
466 3674 491 3713 et
510 3668 640 3714 vehementi
664 3668 772 3722 rintbios,
789 3668 904 3724 Milesios,
921 3668 984 3715 Asiae
995 3669 1197 3731 multospopulot.

107 3732 385 3792 cumimpetnadterras
399 3738 510 3777 ruentem.
666 3730 788 3793 Mersera]
806 3734 926 3788 Everlere,
942 3733 1057 3780 delevere.
1115 3772 1116 3775 ,

142 3797 198 3844 153.
216 3795 331 3857 Rapatqae
342 3795 410 3850 diem
422 3793 480 3856 bc]
494 3795 595 3842 Protulit
604 3795 639 3842 lu
698 3799 754 3844 160
772 3796 830 3856 Opes
848 3797 930 3844 nimius
946 3799 1039 3852 maudo,
1056 3797 1113 3859 bro]
1130 3797 1197 3845 Asia·

105 3876 158 3906 cem
164 3878 171 3920 3
189 3861 231 3916 ael,
248 3860 336 3907 clarore
354 3875 396 3906 sno
407 3867 431 3906 et
442 3860 531 3921 fulgore
547 3860 594 3907 diei
604 3860 639 3906 lu·
665 3860 733 3914 tices,
750 3861 871 3916 Attalicas,
893 3861 1009 3917 Ponticas,
1029 3862 1135 3922 Cyprias,
1152 3864 1198 3910 Co-

107 3939 158 3970 cem
171 3925 296 3986 superavit.
664 3924 798 3972 rintbiaoas.
816 3925 1071 3986 Luxuriumspoliorum
1079 3935 1198 3975 etecusam

142 3990 197 4037 154.
215 3987 311 4050 Obliqau
326 3987 498 4050 praetingebat,
522 3986 580 4050 bra]
599 3991 640 4035 ob·
665 3989 784 4035 indemne
807 3998 916 4037 urentem.
934 3991 1025 4037 Patron.

104 4053 170 4113 lique
191 4059 327 4106 contortum,
356 4052 430 4100 oculis
450 4053 524 4098 offuso
545 4053 639 4108 lumine,
667 4064 673 4077 ·
699 4057 754 4100 161.
786 4055 878 4101 trebias
892 4054 982 4116 morea]
1000 4056 1031 4101 Et
1051 4054 1198 4105 1ιιιιιὶιιιιιιιιι

107 4117 181 4164 eciem
191 4117 334 4179 perstringit.
351 4117 406 4170 Alii,
422 4117 584 4178 perstringens.
666 4125 784 4177 coeperunt
793 4118 994 4177 depravantibus
996 4133 1046 4179 quae
1054 4121 1150 4166 suadent
1160 4137 1198 4167 res

142 4185 197 4257 155.
215 4179 244 4228 1ιι
254 4196 296 4227 aaa
307 4181 389 4241 templa
393 4181 470 4245 jaret
486 4179 543 4242 &c.]
561 4183 588 4228 Ιιι
599 4184 640 4230 lo
666 4184 781 4228 secundre.
807 4182 911 4230 Martini
923 4186 962 4230 11.
980 4184 996 4230 Ι.
1015 4190 1038 4233 6.
1053 4200 1090 4245 ep.
1103 4184 1199 4246 Mara]

108 4243 145 4290 vis
167 4243 241 4307 ipsius
262 4245 415 4292 fulminatoris
431 4245 534 4305 templa3
549 4246 622 4302 vel,'
615 4262 640 4291 ιιι
666 4246 926 4309 Casti,1ncorruptrex
941 4250 999 4295 urbe
1010 4256 1165 4296 excesserunt

104 4309 179 4355 eceli
181 4325 296 4358 convexa.
329 4309 461 4357 Hoeoeninr
483 4316 536 4356 sunt
554 4310 641 4370 templa
699 4313 755 4357 163.
773 4309 844 4367 Aura,
848 4311 912 4387 bra]
925 4312 992 4360 Vasrs
1001 4329 1084 4368 aureis
1090 4313 1125 4360 vel
1133 4313 1198 4359 Heu

106 4372 171 4423 aoett
188 4375 258 4437 qnod,
274 4373 338 4424 nulla
354 4373 390 4424 illi
408 4373 506 4424 materie
527 4376 639 4429 obstante,
666 4373 758 4438 disdys,
775 4375 867 4424 Auratis
888 4377 964 4435 tectis,
980 4377 1125 4427 lacunaribus
1142 4391 1198 4424 aura
