2784 4860
341 368 566 439 crvluls
610 367 1050 480 annurtiantflrl.
1086 382 1089 386 ’
1182 374 1255 443 w

140 543 254 611 Tecta
269 547 361 611 subit
374 540 681 630 virtusarmisque
697 548 825 613 innexa
838 549 976 632 priores
1187 551 1260 615 475

141 657 252 721 Arma
266 658 386 740 ferrent,
404 660 604 742 galeamque
620 666 783 724 extensus
798 661 946 743 protegit
959 661 1076 740 umbo,
1177 720 1184 726 ,

142 769 234 849 Quae
251 771 407 854 priusex
421 771 523 853 longo
538 779 727 836 nocuerrmt
740 773 848 835 missa
861 791 1015 851 recussu,

137 881 225 946 dam
240 889 320 965 post
334 888 429 964 terga
438 882 586 947 cadunt:
609 901 674 946 nec
695 881 811 948 Graiis
827 884 962 949 flectere
979 885 1124 969 jactum,

142 993 217 1059 Aut
233 995 347 1060 facilis
362 995 460 1082 labor
477 1001 529 1059 est
539 996 728 1079 longinqua
741 996 785 1059 ad
801 997 870 1060 tela
885 998 996 1079 parati

141 1105 319 1171 Tormenti
339 1112 469 1171 mutare
485 1107 643 1171 modum:
666 1108 729 1172 sed
751 1109 900 1192 pondere
917 1109 993 1173 solo
1187 1109 1254 1176 488

142 1216 314 1297 Contenti,
337 1218 439 1282 nudis
455 1219 618 1284 evolvunt
638 1239 727 1283 saxa
740 1221 889 1284 lacertis
1238 1218 1245 1224 ’

143 1329 239 1394 Dum
253 1330 318 1394 fuit
333 1350 501 1401 armorum
517 1331 636 1407 series,
657 1336 696 1395 ut
711 1332 872 1413 grandine
888 1336 980 1396 tecta

142 1437 300 1505 Innocua
316 1461 480 1524 percussa
497 1446 633 1519 sonant,
656 1442 706 1505 sic
723 1443 922 1508 omniatela

142 1546 312 1635 Respuit:
336 1558 372 1618 at
391 1558 576 1637 postquam
590 1553 697 1618 virtus
717 1553 860 1619 incensa
873 1555 1022 1620 virorum
1073 1598 1076 1609 .

143 1659 353 1746 Perpetuam
367 1665 459 1747 rupit
474 1664 610 1729 defesso
625 1664 732 1728 milite
750 1669 889 1750 cratem,
979 1741 985 1752 p
1056 1647 1059 1652 Δ
1185 1666 1254 1733 485

141 1772 288 1856 Singula
303 1776 473 1840 continuis
489 1781 665 1840 cesserunt
680 1776 807 1841 ictibus
829 1797 937 1843 anna.

142 1882 243 1947 Tunc
259 1886 424 1969 adoperta
438 1887 507 1951 levi
521 1889 678 1970 procedit
691 1888 794 1952 vinea
808 1893 907 1965 terra,

137 1993 216 2058 Sub
233 1995 484 2081 cujuspluteis,
508 2003 542 2063 et
556 2004 648 2063 tecta
659 1998 778 2063 fronte·¹
786 2000 931 2066 latentes
1028 2045 1029 2048 =

144 2104 264 2170 Moliri
280 2128 370 2172 nunc
392 2109 462 2181 ima
476 2115 609 2192 parant,
633 2116 667 2175 et
681 2116 810 2176 vertere
825 2111 914 2176 ferro
1014 2159 1016 2162 <
1042 2160 1044 2163 -

143 2216 298 2282 Moenia:
321 2240 411 2285 nunc
433 2220 521 2284 aries
537 2240 706 2304 suspenso
723 2223 841 2286 fortior
852 2223 928 2290 ictu
1178 2223 1257 2291 498

144 2326 311 2393 Incussus
327 2329 425 2394 densi
442 2351 644 2414 compagem
665 2333 800 2397 solvere
820 2335 907 2398 muri
981 2388 983 2391 .
1234 2321 1240 2346 ³

192 2480 243 2530 475
258 2479 334 2524 armis.
465 2482 515 2528 477
532 2481 583 2527 teba
713 2485 762 2532 478
781 2481 873 2529 Grecis.
931 2445 934 2459 r
1007 2487 1056 2532 479
1075 2482 1148 2532 Haud
1149 2486 1203 2551 [ιιι.

242 2547 293 2594 484
308 2559 407 2592 aecerua.
505 2550 553 2596 485
562 2545 658 2610 offenso.
759 2551 807 2596 487
817 2548 927 2608 processit.
1026 2552 1075 2598 489
1090 2559 1156 2598 tunc.

404 2615 453 2661 489
462 2619 557 2658 sonere
722 2615 770 2661 491
782 2611 886 2670 Ιιιιιιιιιι,
898 2611 991 2664 Pulsus.
1016 2638 1027 2646 ι-
1177 2626 1179 2630 ·

143 2728 190 2775 civ.
203 2728 252 2776 bel¹
264 2736 288 2776 et
297 2729 420 2777 Vitruvius
430 2730 471 2777 lib.
483 2734 522 2777 10.
556 2730 638 2777 Subita
647 2745 686 2778 au·
745 2733 805 2778 482..
821 2729 950 2793 Dumfuit,
968 2730 1025 2793 bre]
1043 2734 1152 2793 Quandiu
1160 2737 1253 2785 testudo

143 2799 192 2840 tem
208 2795 312 2851 testudo,
334 2812 385 2855 quae
406 2803 431 2842 et
450 2796 488 2841 hic
510 2795 620 2850 innuitur,
638 2805 689 2844 erat
712 2795 755 2843 illa
766 2796 813 2842 sibi
825 2796 937 2852 constitit
955 2799 1077 2858 conjuncta
1088 2799 1189 2847 invicem
1199 2817 1252 2848 scu·

142 2874 217 2906 serres
228 2865 345 2906 scutorum
364 2877 433 2921 supra
449 2860 526 2921 capita
545 2860 687 2908 sublatorum
713 2867 787 2908 totum
807 2861 875 2915 serie,
893 2876 938 2906 non
954 2861 1007 2922 plus
1026 2863 1135 2912 Romanis
1152 2881 1252 2913 nocuere

141 2925 324 2975 continuatim
344 2942 431 2972 morem
450 2941 626 2985 squammarum,
642 2941 688 2986 qua
713 2925 1026 2986 dejectaaMasslliensibus
1040 2943 1107 2985 saxa,
1124 2937 1252 2992 quantec-

141 2991 244 3050 protocti
253 2990 339 3037 milites
351 2991 455 3052 sagittas,
471 3007 529 3038 saxa
539 2991 630 3052 telaque
642 2992 687 3039 alie
714 2991 746 3038 tis
757 2992 851 3052 grando.

140 3053 296 3103 declinabant.
744 3060 802 3106 484.
823 3055 951 3118 Virorum]
964 3056 1154 3110 Massiliensium.

176 3121 235 3169 475.
252 3120 318 3167 Subit
333 3120 425 3183 uirtus]
444 3121 534 3167 Milites
549 3121 687 3169 fortessub-
744 3125 801 3170 485
821 3121 1038 3184 Perpetuumrupit,
1049 3121 1105 3186 bru]
1118 3123 1255 3186 Fregittes·

142 3192 200 3244 eunt
227 3185 299 3233 teeti
314 3187 437 3234 testudine.
467 3184 551 3233 innexo
581 3187 685 3250 priores]
712 3187 824 3242 tudinem,
842 3187 941 3234 defessis
952 3187 1067 3234 mrlrtrbus
1079 3189 1196 3239 Romanis

144 3238 192 3299 Me.
212 3253 239 3297 P
258 3253 430 3311 primisreete:
448 3253 489 3298 sed
503 3259 527 3300 et
545 3266 588 3311 pro
604 3253 687 3299 ionem
744 3255 801 3301 486
819 3251 916 3316 Singula
936 3252 1059 3307 continuis,
1084 3253 1143 3316 bre]
1167 3253 1252 3302 Divisa

144 3316 312 3363 scribendum
303 3333 390 3364 roomo.
425 3317 451 3364 Is
466 3325 516 3364 mos
534 3323 571 3363 est
589 3319 687 3364 testudi-
712 3317 1153 3378 singulorumscutacesseruntiotibus.
1201 3323 1204 3343 ⁵
1242 3350 1264 3356 --

145 3381 191 3435 uis,
210 3388 235 3427 ut
246 3382 361 3442 posterior
371 3382 468 3444 quisque
480 3382 609 3443 antegressi
619 3391 686 3431 scuto
713 3435 715 3439 Α
736 3385 801 3432 487.
821 3380 893 3431 Vinea
903 3380 984 3444 terrm]
1002 3381 1078 3428 Vinea
1094 3391 1130 3430 est
1146 3384 1253 3432 maehina

144 3445 265 3494 innitatur.
284 3447 384 3495 Grotius.
711 3448 820 3495 tabulatis
832 3449 978 3507 cratibusque
987 3453 1110 3504 constrata,
1122 3449 1199 3495 crudis
1210 3451 1252 3496 de·

179 3517 235 3562 476
254 3511 390 3574 Galeumque
398 3520 505 3568 extenues
517 3511 573 3573 bre]
591 3512 686 3560 Scotum
711 3514 765 3560 inde
782 3513 851 3560 coriis
869 3520 893 3559 et
904 3511 1040 3564 centonibus
1051 3513 1106 3560 udis
1123 3520 1193 3569 tecta,
1210 3517 1252 3560 sub

138 3589 216 3637 supra
235 3585 305 3637 eaput
312 3578 436 3632 elevatum,
452 3594 494 3625 eos
504 3594 517 3623 a
528 3594 638 3625 saxorum
649 3595 686 3625 ca·
712 3595 757 3639 qua
768 3577 903 3625 obsidentes
922 3576 968 3624 tuti
979 3592 1095 3624 murorum
1106 3579 1253 3628 fundamenta

144 3642 269 3693 dentium
262 3643 346 3703 ribaria
356 3643 465 3690 defendit.
484 3641 621 3692 Hortensius.
712 3646 860 3697 subruebant

178 3712 235 3756 477.
254 3707 311 3762 Quae
327 3711 401 3769 prius,
416 3706 473 3769 bru]
493 3708 574 3754 Gum'
564 3724 613 3768 pun
626 3708 688 3756 intra
744 3712 800 3758 488.
820 3706 916 3762 Plateis,
937 3705 994 3770 bre]
1012 3686 1089 3756 Plutei
1108 3691 1146 3757 bie
1163 3708 1253 3769 signib-

143 3772 280 3823 balistarum
292 3774 431 3821 destinatum
445 3775 532 3832 jactum
549 3789 574 3820 se
585 3775 687 3833 recepis·
712 3781 766 3821 cant
776 3775 867 3821 tabulas
878 3778 902 3819 et
912 3787 1010 3829 asseres,
1028 3773 1112 3834 quibus
1121 3782 1208 3820 armata
1216 3778 1252 3824 est

144 3837 686 3899 sentliomsnrtestudrneteetnnequeexpe
710 3840 877 3886 virescimus.
918 3837 1087 3899 Aliaspluteus
1100 3843 1130 3884 et
1146 3838 1198 3898 ipse
1216 3847 1252 3885 est

144 3904 221 3952 ditum
240 3913 303 3957 esset
321 3904 507 3952 Massiliensibus
523 3910 630 3980 torquere
648 3907 687 3951 bu·
712 3905 825 3960 maehina,
837 3904 911 3951 vineoe
930 3903 992 3950 baud
1012 3903 1142 3952 dissimilis.
1159 3904 1189 3951 de
1206 3919 1253 3965 quo

142 3969 220 4024 listas,
238 3977 264 4016 ut
280 3970 383 4017 eominus
401 3970 503 4024 ferirent,
520 3969 687 4030 sextingentie
713 3967 990 4032 videtegetiumlibffil
1162 4027 1164 4030 y

142 4035 256 4112 ponderis
267 4036 430 4082 evoltebante
445 4034 685 4085 murisinllomanos.
746 4038 803 4084 489
821 4032 921 4094 Moliri]
940 4035 985 4081 Pro
997 4033 1112 4082 demoliri

146 4098 341 4162 nazareum]
354 4101 400 4146 Ms.
409 4101 436 4147 Ρ.
446 4101 507 4147 ιιΤ
519 4113 614 4156 recessu,
625 4103 686 4162 quod
745 4103 801 4152 490.
819 4098 885 4146 Aries
903 4113 1015 4160 suspenso,
1033 4098 1090 4161 bre]
1115 4097 1185 4145 Aries
1202 4106 1253 4148 erat

143 4166 314 4244 recipiendum.
354 4167 488 4213 Subierant
494 4164 586 4221 moenia,
610 4167 643 4213 ita
661 4173 688 4212 ut
711 4167 803 4215 trabs
796 4180 885 4227 ingens,
914 4166 1004 4213 adunco
1023 4165 1160 4224 praemunita
1181 4154 1252 4230 seire}

136 4233 192 4309 ism
209 4232 264 4278 telis
280 4232 416 4292 impetinon
432 4237 537 4292 possent,
555 4233 616 4278 sicut
634 4239 687 4278 unte
713 4231 850 4280 transversis
861 4229 1045 4281 asseribusrntra
1054 4229 1194 4278 testudinem
1203 4224 1252 4295 ple-

143 4297 237 4350 minus
248 4297 424 4358 impetebantur.
443 4296 546 4345 Grotius.
711 4311 800 4358 rurique
813 4310 925 4356 suspensa
941 4303 965 4343 et
980 4295 1072 4350 librata,
1089 4310 1140 4354 quae
1151 4286 1253 4340 amolli-

179 4356 237 4409 481'.
256 4359 528 4429 abbreviaretur]
557 4349 687 4421 Nullamn-
711 4362 804 4413 tudine
815 4368 930 4409 retroacta
951 4363 980 4408 sd
1002 4363 1112 4421 majorem
1133 4360 1254 4420 inpetum,

145 4426 215 4477 elsim
228 4425 908 4497 antemuranum
926 4425 1102 4490 propellebatur
1122 4424 1153 4474 ud
1175 4430 1253 4475 euim·
