2784 4860
352 361 574 429 ClVILlS
617 362 808 432 BELL'I-
838 364 947 434 leB.
972 365 1049 435 .V1.
1175 366 1253 433 2286

151 535 270 620 Teque
287 537 383 615 Deis,
399 539 443 602 ad
459 540 832 621 quosalioproeedere
843 541 940 604 vultu

155 647 254 712 Ficta
275 649 377 724 soles
401 649 548 723 Hecate,
563 649 704 730 pallenti
720 650 838 712 tabida
850 649 970 725 forma,

138 757 357 833 Ostendam,
376 746 566 841 faciemque
582 758 684 834 Erebi
703 757 833 822 mutare
849 761 990 824 vetabo.

145 867 306 948 ⁴Eloquar
321 870 485 933 immenso
501 876 597 932 terme
619 870 683 932 sub
698 870 859 952 pondere,
881 891 958 952 quae
974 877 1007 937 te

153 976 366 1053 Contineant,
379 979 520 1055 Ennaea,
537 980 655 1061 dapes,
681 999 749 1061 quo
764 979 894 1043 foedere
909 986 1068 1046 moestum
1186 983 1250 1046 740

152 1087 283 1170 Regem
297 1090 408 1152 noctis
424 1109 528 1166 emes,
538 1108 623 1170 qum
639 1090 847 1171 tecontegia
860 1109 1001 1172 pmsam

152 1197 310 1261 Noluerit
323 1218 483 1262 revocare
499 1191 614 1262 Ceres.
630 1200 692 1262 tibi
712 1201 860 1281 pessime
876 1202 992 1264 muudi

151 1307 287 1372 Arbiter
301 1310 479 1379 immittam
493 1311 601 1392 ruptis
623 1309 927 1388 Titanaeavemis,

144 1418 197 1482 Et
220 1421 332 1483 subito
347 1421 464 1483 feriere
480 1421 546 1484 die.
580 1420 736 1485 Paretisl
760 1439 804 1482 an
818 1420 876 1483 ille

151 1529 420 1612 Compellandus
433 1532 506 1605 erit,
518 1550 586 1613 quo
597 1535 872 1612 uunquamterra
885 1536 1013 1595 vocato
1169 1535 1248 1600 rte

152 1639 234 1704 Non
250 1661 419 1710 concussa
433 1642 554 1717 tremit,
571 1642 630 1723 qui
645 1639 807 1720 Gorgona
822 1642 927 1705 cernit
942 1647 1104 1724 apertam,

151 1750 425 1832 Verberibusque
442 1740 513 1814 suis
528 1750 694 1832 trepidam
710 1752 855 1831 castigat
870 1751 1042 1834 Erinnym‚

152 1859 358 1942 Indespecta
376 1866 467 1923 tenet
481 1861 581 1923 vobis
597 1861 655 1940 qui
670 1859 833 1938 Tartara3
857 1861 955 1944 cujus

146 1970 227 2034 Vos
242 1973 324 2034 estis
340 1973 473 2054 superi;
497 1969 632 2052 Stygius
650 1970 708 2050 qui
724 1969 855 2052 pejeret
873 1971 1006 2035 undosi

195 2080 353 2144 Protinus
370 2083 527 2154 astrictus
539 2081 648 2166 caluit
664 2100 773 2155 cruor,
789 2086 929 2163 atraque
944 2081 1031 2146 fovit
1183 2083 1248 2149 750

149 2190 312 2268 Vulnera,
329 2194 411 2256 etin
427 2213 533 2257 venas
549 2198 766 2273 extremaque
782 2192 932 2255 membra
947 2192 1103 2256 cucurrit.
1264 2178 1270 2183 ”

167 2352 276 2411 reoque
290 2346 406 2401 teum:
483 2349 635 2399 mosum.
724 2351 844 2405 rustum,
857 2337 997 2397 uru'ners.
1079 2324 1232 2401 risuum.

313 2420 360 2464 746
373 2417 447 2475 crevit.
579 2418 627 2463 748
640 2413 773 2474 lurpeeurtn.
916 2418 965 2460 748
972 2415 1012 2478 qui
1021 2415 1085 2462 uobis.
1304 2414 1308 2423 ’

182 2568 238 2614 736.
258 2565 329 2626 Teque
341 2565 401 2622 Deis,
413 2566 468 2627 dre]
489 2568 575 2626 Teque,
587 2567 684 2622 Hecate,
709 2565 748 2611 ille
761 2566 798 2621 sit,
811 2564 940 2628 (Platonis)
951 2566 1016 2611 Deus
1026 2581 1134 2622 summus,
1146 2566 1247 2614 omnium

149 2632 267 2678 exhibebo
279 2631 332 2676 Diis
351 2633 498 2690 spectandam
515 2632 593 2680 nativo
614 2632 685 2686 vultu,
709 2645 785 2679 rerum
794 2638 891 2686 creator,
900 2632 965 2690 cujus
975 2645 1055 2676 nomeu
1066 2647 1174 2683 arcanum
1181 2639 1205 2682 et
1212 2633 1246 2678 in·

148 2711 197 2756 quo
207 2695 280 2754 palles
290 2697 351 2755 apud
361 2696 453 2741 inferos.
703 2691 800 2747 ,effabile
812 2694 871 2740 inter
889 2702 971 2740 cretere
986 2696 1088 2742 Deorum
1103 2696 1195 2742 nomine
1212 2697 1246 2741 ci-

183 2761 239 2808 739.
258 2759 356 2819 Eloquar
373 2761 480 2812 immenso,
503 2757 558 2819 dte]
577 2759 684 2805 Referam
710 2766 758 2804 tare
769 2759 840 2812 nefas,
848 2758 893 2804 nisi
901 2775 988 2804 summa
995 2766 1091 2818 urgente
1100 2761 1245 2807 necessitate.

149 2839 219 2884 quarn
241 2823 281 2869 rili
309 2824 361 2868 cibo
384 2824 485 2869 vescaris
510 2823 570 2881 a'pud
592 2823 685 2870 inferos.
710 2826 746 2868 lta
756 2823 856 2868 Tiresias
864 2823 888 2868 in
898 2824 1087 2882 necyomantisl.
1100 2823 1173 2870 Theb.
1185 2824 1244 2871 sur.

149 2886 250 2934 Δηλονὸτι
272 2889 345 2932 ταῦτα
370 2887 429 2934 ἐστὶν
453 2886 542 2937 Ἑκάτης
569 2885 684 2949 equiparat,
710 2887 793 2934 Scimus
804 2889 861 2933 enlm
872 2888 1003 2948 etquiequid
1015 2888 1061 2933 dici
1072 2890 1173 2948 uescique
1184 2890 1247 2936 time·

148 2950 239 3013 Ἀφησὶν
248 2947 305 3003 οὗτος
319 2948 417 3012 μαινίδας
432 2951 468 2996 καὶ
487 2949 600 3014 τριγλίδας.
618 2953 685 2998 Anri-
709 2953 744 3004 tis,
760 2951 788 2997 Et
799 2952 889 2997 turbore
902 2951 1011 3004 Hecaten,
1022 2952 1048 2998 ul
1057 2960 1078 2998 te
1088 2951 1199 3014 Tymbraee
1211 2969 1245 3000 te·

148 3018 236 3079 phanes
247 3017 305 3075 apud
318 3017 454 3062 Atlrenaeum
464 3016 503 3061 lib.
514 3018 530 3059 7
532 3049 537 3060 .
550 3031 600 3075 cap.
614 3021 651 3064 18.
708 3031 780 3071 rerer,
800 3015 828 3062 Et
846 3016 930 3076 triplici
947 3017 1027 3062 muudi
1046 3032 1164 3076 summum,
1181 3033 1245 3080 quem

181 3085 238 3129 740.
258 3080 361 3141 Erum]
387 3081 547 3139 Proserpiue;
567 3083 596 3125 ab
619 3082 684 3127 Eune
707 3079 939 3142 scireuqirrturnest,⁸
956 3078 1025 3126 Illum
1036 3082 1073 3127 red
1086 3091 1155 3128 recen,

137 3145 237 3191 ·8iciliae
247 3161 300 3204 opp.
312 3146 351 3190 ubi
363 3153 427 3204 rapte
438 3153 473 3191 est
485 3160 499 3190 a
509 3145 614 3190 Plutone.
635 3145 684 3198 Quo
740 3147 796 3191 745.
815 3144 864 3197 Quo
874 3160 995 3205 uunquam,
1014 3145 1070 3206 &c.]
1081 3141 1160 3206 'Cujus
1171 3147 1244 3194 nomi-

139 3209 229 3274 serdere
242 3218 345 3261 murrum,
365 3209 421 3270 dre]
438 3212 538 3264 Incesto,
559 3216 608 3254 erat
624 3210 684 3255 enim
709 3223 737 3254 ne
749 3208 787 3254 rel
798 3209 876 3263 citato,
888 3215 950 3254 terra
960 3210 1095 3257 concutitur.

147 3273 197 3320 filie
210 3273 278 3322 ,lovis
297 3285 320 3318 et
336 3274 436 3319 Cereris.
454 3276 525 3320 Ceres
542 3282 617 3320 antem
632 3274 684 3333 ipsa
741 3277 796 3321 746.
816 3272 862 3325 Qui
870 3271 975 3334 Gorgona
983 3276 1052 3320 ceruit
1063 3274 1185 3336 umnam]
1195 3275 1243 3333 Qui

136 3338 197 3384 tilia
207 3338 299 3384 Saturni
312 3345 335 3383 et
345 3339 411 3398 Opis.
708 3336 812 3398 clypeum
821 3337 845 3382 in
854 3351 898 3395 quo
910 3339 1012 3398 Medusa
1021 3346 1089 3398 ceput
1097 3339 1243 3387 estbomines

181 3405 237 3450 741.
255 3402 364 3464 Corrtugin
374 3417 464 3461 pessum,
475 3400 532 3462 dre]
549 3401 603 3448 Cibi
614 3402 683 3448 inser·
708 3409 842 3449 convertens
858 3401 880 3446 in
899 3401 997 3461 lapides,
1012 3403 1061 3448 sine
1079 3403 1183 3462 periculo
1193 3419 1242 3451 eer-

148 3466 215 3514 nalis.
234 3467 356 3525 Ascalaplri
375 3466 436 3511 enim
453 3467 542 3526 judicio
557 3482 609 3510 cnm
628 3466 683 3511 insi·
707 3464 749 3517 nit,
758 3464 809 3524 ipse
817 3467 980 3526 Demogorgou
990 3467 1051 3513 omui
1058 3467 1166 3527 Gorgone
1173 3484 1242 3529 quam

147 3531 234 3578 mulam
252 3538 314 3577 esset
331 3538 436 3591 gustasse
452 3532 513 3603 apud
531 3530 617 3576 inferos
627 3531 681 3576 VH.
707 3529 784 3579 ceteri
795 3529 885 3582 timent,
895 3529 1006 3591 superior.
1193 3572 1195 3577 .

137 3611 218 3657 ,grans
229 3596 283 3641 mali
297 3596 383 3654 punici,
395 3595 468 3641 incisa
485 3601 520 3641 est
538 3595 612 3643 omnis
629 3609 682 3653 spes
739 3596 794 3642 748.
813 3591 945 3653 Iuderpeetu
961 3601 1020 3648 terret
1035 3595 1093 3641 uobis
1107 3595 1147 3656 qui
1162 3595 1242 3644 Torta·

147 3660 279 3706 revertendi
289 3663 316 3705 ad
327 3667 433 3720 superos
705 3657 753 3719 ru]
778 3657 886 3705 Omnium
907 3658 956 3708 soil.
977 3659 1149 3715 firmamentum,
1167 3661 1243 3710 anime

165 3757 166 3761 ,
180 3728 237 3772 742.
256 3724 304 3770 Tibi
310 3727 398 3783 pessime
407 3723 493 3776 muudi,
504 3721 559 3783 dte]
570 3723 682 3782 Gigantes
706 3724 827 3776 mundana,
845 3723 985 3769 inaccessum
1002 3723 1105 3770 incolens
1119 3730 1143 3774 et
1153 3724 1242 3776 Tartari

146 3789 279 3852 θεομάχους,
298 3791 344 3834 imo
359 3790 452 3833 Tartaro
471 3787 566 3833 emissos
585 3788 682 3834 solutos·
706 3788 814 3846 abyssum
826 3802 919 3833 summae
933 3787 1104 3848 profunditatis,
1122 3789 1241 3848 quovisus

147 3870 193 3914 que
203 3855 245 3900 tibi
255 3853 364 3912 injiciam,
376 3853 498 3898 inferorum
505 3859 529 3898 et
537 3853 682 3900 tenebrarum
706 3859 784 3912 vester
801 3853 937 3913 pertendere
956 3868 1001 3898 non
1019 3852 1099 3899 valuit.
1118 3855 1189 3914 Cujtu
1202 3854 1242 3902 Vos

146 3933 191 3966 rex
201 3933 208 3975 3
224 3925 292 3976 teque
303 3919 326 3963 in
338 3918 420 3973 lurein,
432 3933 499 3976 quam
508 3917 593 3971 borres,
605 3923 681 3962 extra-
706 3917 756 3962 estis
765 3915 860 3977 superi]
878 3915 925 3973 Qui
936 3917 1003 3965 vobis
1014 3915 1066 3963 loeo
1075 3925 1112 3964 est
1121 3917 1224 3965 inferior.

146 3983 206 4030 bam.
219 3983 256 4028 vel
271 3998 312 4041 per
331 3989 414 4028 terram
431 3981 531 4027 carmine
549 3987 601 4027 meo
619 3981 681 4027 satis-
739 3983 794 4027 749.
812 3978 1241 4044 Stygimqulqueratundas.]‚Neque

145 4054 236 4093 centem
248 4047 367 4094 immittam
381 4046 490 4100 tibi-solis
499 4046 584 4091 radios.
705 4043 753 4103 legi
765 4043 895 4099 adstrictus,
905 4051 931 4091 ut
938 4045 1017 4092 timeat
1024 4047 1127 4105 pejerare
1136 4046 1242 4108 Stygem,

179 4115 236 4158 744.
255 4110 368 4171 Paretisl]
395 4111 455 4156 Meis
473 4110 521 4156 scil.
543 4108 681 4156 cumrinibus
706 4109 768 4168 quod
780 4109 857 4155 cereri
871 4108 913 4155 Dii
923 4109 1024 4157 lrorrent.
1036 4125 1106 4171 supra
1114 4127 1149 4156 vs.
1159 4113 1216 4160 878.
1312 4128 1314 4134 ’

145 4176 260 4237 magieis?
277 4191 304 4220 an
317 4176 374 4221 alius
392 4175 484 4235 gravior
495 4190 521 4220 ac
533 4172 682 4220 truculentior
738 4175 794 4223 750.
806 4172 921 4223 ,Protinus
937 4176 1050 4231 astrictus,
1070 4173 1126 4236 δια]
1144 4175 1184 4222 sio
1197 4175 1239 4226 mi

145 4240 362 4294 accersenduserit,
373 4241 412 4299 qui
422 4245 524 4299 teeogut
537 4253 618 4298 parere
632 4238 682 4297 jus·
705 4243 760 4284 nata
769 4238 861 4287 auditur
871 4239 981 4290 venetica
989 4239 1103 4300 mistique
1115 4239 1188 4292 anime
1203 4255 1240 4286 ca·

146 4305 184 4352 sui
195 4305 259 4354 meo?
275 4303 318 4351 Ille
329 4303 498 4363 compellandus
509 4301 571 4363 erit]
589 4303 681 4348 Demo·
706 4302 783 4352 darer.
1012 4320 1015 4325 ·

146 4385 234 4433 gorgon
242 4371 343 4417 Deorum
352 4369 468 4435 princeps,
479 4367 529 4414 sire
541 4365 681 4440 Demiurgus
