2784 4860
139 348 205 417 Μ
396 346 697 417 PETRONII
727 345 989 421 Anulum

141 522 195 591 Aa
212 526 363 592 volutor
377 527 448 591 alto
467 542 575 609 quum
588 542 732 607 magnus
745 523 912 592 inhorruit
930 514 1072 605 ΑΜ

143 636 187 702 Et
202 637 320 722 pulsas
336 638 455 703 evertit
475 656 595 720 aquas,
609 636 977 716 nonarmaministris,
1206 694 1233 713 .,

144 746 225 811 Non
239 749 388 831 regimen
403 749 559 832 prodest:
581 749 665 830 ligat
679 746 764 811 alter
776 747 930 831 pondera
943 748 1060 834 pinna,
1185 784 1196 815 .·
1219 756 1224 777 ⁸

143 856 237 925 Alter
251 865 324 924 tuta
339 861 416 925 sinn
428 859 677 942 tranquillaque
692 858 808 923 littora
822 859 962 942 quaeritr

143 969 213 1035 Hic
227 970 286 1035 dat
301 971 379 1035 vela
393 971 496 1053 fugae,
515 969 743 1052 Fortunaeque
757 970 874 1035 omnia
887 970 1007 1037 credit.
1069 1058 1075 1067 ·
1191 1036 1195 1042 .

143 1080 235 1158 Quid
251 1087 320 1146 tam
336 1101 443 1165 parva
459 1081 607 1165 querorl
629 1079 763 1162 gemino
778 1099 857 1145 cunr
869 1079 1021 1147 Consule
1035 1076 1212 1165 linguon,
1230 1128 1233 1133 -

144 1192 208 1257 Ille
229 1199 353 1258 tremor
368 1194 482 1268 Ponti,
504 1192 591 1256 saevi
603 1210 741 1275 quoquo
760 1196 867 1263 terror
883 1190 1078 1277 Hydaspia,
1135 1248 1138 1253 .
1192 1246 1200 1257 .

145 1303 188 1366 Et
204 1305 388 1388 piratarum
404 1305 589 1389 scopulus:
612 1303 716 1368 modo
732 1323 834 1387 quern
846 1309 898 1369 ter
911 1308 1073 1371 ovantem
1139 1358 1143 1365 .
1241 1310 1253 1361 ἔ

141 1415 276 1498 Jupiter
290 1417 481 1498 horruerat;
505 1436 606 1498 quern
621 1416 731 1480 fracto
745 1415 782 1478 in
802 1416 932 1498 gurgite
946 1414 1094 1493 Pontus,
1175 1480 1178 1485 ,
1203 1456 1207 1463 -

145 1526 188 1595 Et
200 1533 380 1591 veneratus
397 1533 469 1592 erat
483 1528 655 1603 submissa
669 1527 848 1610 Bosporus
862 1526 965 1608 unda,

144 1638 235 1702 Proh
250 1639 376 1721 pudor!
400 1639 539 1723 Imperii
560 1639 694 1703 deserto
718 1638 855 1703 nomine
874 1638 973 1723 fugit,
1044 1686 1048 1693 -
1157 1692 1160 1697 .
1218 1690 1221 1695 .

144 1749 193 1813 Ut
213 1750 363 1814 Fortuna
376 1751 463 1814 levis
479 1748 598 1832 Magni
613 1768 751 1833 quoque
764 1753 862 1832 terga·
871 1748 1013 1816 videret.

145 1859 234 1942 Ergo
254 1864 349 1924 tanta
363 1861 437 1923 lues
458 1859 585 1924 Divum
600 1879 738 1943 quoque
752 1838 892 1926 nomina
910 1860 1019 1929 viditr
1055 1914 1058 1919 .
1079 1904 1084 1913 ·

146 1970 394 2054 consensitque
409 1969 501 2053 fugae
516 1970 598 2035 coeli
612 1965 723 2035 timor.
746 1990 829 2045 ecce
842 1990 904 2056 per
917 1972 1047 2039 orbern-
1148 1998 1155 2009 ’
1206 2024 1211 2031 .

84 2118 91 2133 1
146 2080 244 2146 Mitis
258 2081 359 2145 turba
374 2081 498 2156 Deum,
512 2085 619 2145 terras
633 2100 744 2146 exosa
756 2079 906 2148 furentes
941 2134 944 2139 .

144 2191 301 2272 Deserit3
324 2196 425 2274 atque
440 2190 615 2255 hominurn
630 2191 826 2258 damnatum
840 2194 1002 2261 avertitur
1014 2210 1159 2281 agmen,
1177 2220 1186 2251 -·
1244 2236 1257 2251 .-

145 2300 223 2367 Pax
237 2303 347 2386 prima
359 2305 437 2366 ante
453 2301 552 2380 alias,
566 2300 687 2367 niveos
701 2304 840 2387 pulsata
852 2305 1003 2372 lacertor-

144 2409 337 2477 Abscondit
351 2412 450 2496 galea
463 2412 591 2478 victum
606 2412 728 2498 caput,
737 2413 841 2499 atque
853 2414 973 2482 relicto
1001 2464 1006 2482 2

146 2523 238 2588 Orbe
253 2523 360 2608 fugax
375 2523 467 2587 Ditis
480 2522 568 2606 petit
582 2522 800 2606 implacabile
820 2542 973 2608 regnum.

146 2634 240 2699 Huic
256 2654 372 2700 comes
388 2634 416 2698 it
430 2634 564 2713 sincera
579 2631 695 2710 Fides,
710 2638 746 2698 et
760 2635 852 2700 crine
865 2635 980 2703 soluto

145 2745 297 2822 lustitia,
321 2766 363 2811 ac
378 2764 528 2815 moerens
538 2744 654 2809 lacera
668 2741 864 2810 Concordia
881 2746 988 2831 palla.

147 2853 195 2921 At
213 2861 342 2933 contra,
361 2855 462 2921 sedes
479 2855 666 2939 Erebique
684 2862 785 2940 rupta
799 2855 957 2938 dehiscit,

148 2967 298 3050 Emergit
314 2968 383 3033 late
405 2967 496 3031 Ditis
512 2967 647 3042 choma,
667 2966 805 3041 horrida
819 2965 977 3053 Erinnys,
1055 2979 1059 2985 '
1142 2962 1144 2967 ’
1190 2976 1254 3033 ..’“·

147 3076 191 3143 Et
211 3079 354 3144 Bellona
373 3072 501 3154 minax,
518 3077 721 3162 facibusque
736 3082 868 3144 armata
880 3078 1055 3165 Megaera:
1230 3088 1234 3095 '

149 3188 348 3272 Letumque,
364 3188 584 3272 Insidiaeque,
607 3195 643 3253 et
657 3189 770 3253 lurida
784 3188 908 3256 Mortis
927 3191 1053 3275 imago.
1087 3268 1097 3287 κ
1219 3242 1252 3255 ...

141 3300 245 3384 'Quas
261 3301 346 3364 inter
358 3301 475 3376 Furor,
492 3300 645 3383 abruptis
664 3319 730 3364 ceu
747 3300 834 3366 liber
852 3300 997 3369 behemi

148 3406 376 3494 Sanguineum
391 3411 459 3474 late
474 3410 563 3475 tollit
577 3418 691 3496 caput,
707 3431 835 3498 oraque
855 3413 950 3479 millo

148 3522 356 3590 Vulneribus
373 3521 536 3587 confossa
550 3528 691 3587 cruenta
704 3524 842 3589 casside
856 3523 961 3591 velat.

152 3633 272 3699 Haeret
289 3634 429 3698 detritus
443 3634 542 3698 laevae
559 3633 751 3699 Mavortius
764 3635 881 3713 umbo,

150 3745 458 3810 Innumerabilibus
472 3746 549 3811 telis
564 3746 698 3828 gravis:
721 3751 824 3830 atque
844 3746 1000 3831 flagranti

150 3856 273 3941 Stipite
288 3857 408 3921 dextra
422 3857 538 3921 minax
559 3857 657 3921 terris
672 3856 830 3928 incendia
844 3862 969 3942 portat.

151 3968 260 4033 Sentit
274 3972 362 4032 terra
378 3968 485 4043 DeoS,
499 3973 696 4051 mutataque
711 3967 824 4034 sidera
838 3964 976 4052 pondua

152 4075 352 4158 Quaesivere
368 4068 477 4146 suurn.
500 4096 647 4162 namque
667 4079 778 4143 omnis
800 4078 913 4163 Regia
925 4079 1021 4155 ooeli,

152 4189 194 4257 In
208 4192 323 4272 partes
339 4188 479 4254 diducta
492 4191 577 4254 ruit:
600 4189 814 4275 primumque
834 4191 947 4283 Dioqe
1113 4246 1116 4251 .
1194 4234 1223 4255 ,,

151 4299 299 4366 Caesaris
314 4303 394 4365 acta
409 4299 463 4364 sui
482 4299 587 4373 ducit
610 4320 727 4367 comas
746 4299 946 4369 additurissi
983 4346 998 4378 -,
1072 4354 1075 4359 .
1158 4350 1200 4363 .,
1246 4352 1252 4361 .
