2784 4860
343 363 561 435 CIVILI'S
605 361 772 433 BEIr'IrI
816 360 921 434 Lis.
956 358 1023 432 VI.
1176 360 1244 430 m

140 543 295 629 corpora
310 562 489 620 caesorum,
499 541 639 606 tumulis¹
651 540 808 626 projecta
820 539 965 623 negffls.

138 653 309 720 Continuo
321 654 435 736 fugere
449 653 539 736 lupi,·
556 651 832 735 fugererevuls'is
1042 647 1056 661 ‘

139 763 321 848 Unguibus
337 764 495 847 impastae
508 764 678 839 volucres,
700 764 780 827 durn
794 754 1123 827 mensularium·

141 876 256 959 Eligit,
272 881 306 941 et
321 875 451 958 gelidas
463 874 535 938 leto
554 879 705 939 scrutata
716 871 886 936 medullas
1028 918 1031 923 -
1189 907 1191 910 ·

141 985 321 1051 Pulmonis
335 985 435 1066 rigidi
452 988 582 1048 stantes
597 985 672 1047 sine
683 982 823 1048 vulnere
837 982 942 1047 fibras
1028 1044 1031 1051 ,
1179 982 1245 1049 630

143 1098 289 1174 Invenit,
307 1102 342 1162 et
354 1116 477 1161 vocem
492 1095 654 1159 defuncto
674 1095 709 1158 in
724 1110 868 1178 corpore
879 1095 1024 1178 querit:

143 1208 232 1273 Fata
250 1211 499 1291 peremptorum
509 1205 659 1290 pendent
673 1206 746 1290 jam
762 1206 870 1270 multe
882 1205 1041 1284 virorum,

143 1317 256 1397 Quem
274 1317 407 1400 superis
423 1334 606 1397 revocasse
627 1317 722 1382 velit.
745 1317 776 1382 si
799 1316 920 1382 tollere
939 1322 1030 1383 totas
1134 1359 1137 1363 -

141 1428 326 1493 Tentasset
346 1427 479 1511 campis
499 1427 605 1504 acies,
622 1433 662 1492 =et
673 1427 814 1491 reddere
833 1427 955 1491 bellot·
1198 1469 1201 1474 -

145 1538 340 1604 Cessissent
353 1539 446 1620 leges
461 1536 575 1629 Erebi,
597 1543 817 1622 monstroque
834 1538 967 1622 potenti
1181 1537 1248 1605 665
1272 1518 1276 1524 ’

145 1651 329 1716 Extractus
345 1649 463 1733 Stygio
479 1650 631 1732 populus
643 1647 992 1733 pugnassethvemu

145 1760 301 1826 Electum
316 1761 453 1825 tandem
466 1760 609 1843 trajecto
630 1765 761 1842 gutture
775 1774 903 1844 corpus

146 1872 263 1950 Ducit,
279 1877 313 1936 et
327 1872 453 1936 inserto
473 1870 607 1953 laqueis
627 1870 790 1936 feralibus
807 1888 909 1948 unco,

147 1981 215 2047 Per
230 1982 393 2065 scopulos
407 1982 566 2045 miserum
580 1981 732 2060 trahitur,
747 2002 809 2066 per
823 2000 910 2047 saxa
924 1981 1078 2047 'cadaver
1178 2012 1185 2031 -·

145 2089 344 2159 Victurum:
367 2094 559 2175 montisque
580 2093 669 2170 cavi,
684 2105 786 2176 quem
805 2094 911 2159 tristis
934 2091 1094 2159 Erichtho
1158 2134 1163 2141 »
1183 2094 1253 2160 646

149 2205 338 2270 Damnarat
349 2205 556 2281 sacris-alta
570 2205 635 2267 suh
650 2222 735 2287 rupe
750 2206 895 2270 locaturss
968 2213 971 2217 ’
1203 2216 1207 2231 ’

149 2314 256 2379 Haud
271 2315 391 2398 procul
407 2334 429 2377 a
444 2313 536 2377 Ditis
551 2314 656 2377 caecis
670 2314 840 2397 'depressa
853 2313 1027 2379 cavernis'

148 2424 191 2490 In
204 2416 362 2509 praeceps
377 2423 531 2488 subsedit
551 2423 690 2513 humus:
714 2444 818 2507 quarn
831 2425 962 2508 pallida
983 2425 1105 2510 pronis·

148 2534 255 2618 Urget
270 2533 358 2598 silva
373 2533 492 2611 comiS,
512 2537 546 2596 et
555 2534 649 2597 nullo
660 2534 786 2598 vertice
799 2535 925 2621 coelum
1059 2616 1063 2623 .

146 2628 358 2731 suspiciens
374 2642 508 2707 Phoebo
521 2621 591 2735 non
605 2643 723 2725 pervia
737 2646 839 2709 taxus
854 2651 992 2729 opacat.
1184 2647 1250 2711 645

148 2755 344 2822 Marcentes
360 2756 451 2820 intus
469 2756 630 2832 tenebrae,
650 2753 850 2838 pallensque
864 2758 929 2821 sub
945 2757 1051 2823 antris
1158 2778 1161 2783 ·

147 2866 270 2950 Longa
279 2870 380 2934 nocte
396 2866 493 2945 situs
504 2864 689 2950 nunquam,
703 2864 770 2929 nisi
783 2867 931 2933 ommino
945 2867 1086 2948 facturn,
1157 2926 1160 2934 ,

149 2979 281 3080 Lumen
295 2979 408 3045 habet.
424 2999 493 3044 non
507 2977 682 3044 Taenareis
697 2977 748 3042 sic
763 2976 922 3047 faucibus
937 2999 996 3047 aer

150 3155 200 3201 660
215 3152 295 3217 gelidi.
408 3155 456 3202 631
476 3149 564 3199 Invenit
574 3148 679 3214 defuncto
689 3164 768 3199 uocem
881 3152 932 3200 682
946 3118 1075 3213 ponderetis,
1084 3153 1181 3213 penne
1190 3160 1253 3200 tnnc.

147 3252 151 3259 -
249 3220 298 3267 633
313 3232 422 3264 revocure.
542 3218 601 3267 -636
616 3229 701 3263 acervo.
831 3221 879 3269 645
895 3234 941 3266 non
949 3219 1027 3281 peruia
1038 3216 1119 3266 Pnaen
1128 3227 1144 3265 t.

185 3357 241 3404 666.
261 3353 370 3412 Tumulr's,
386 3353 445 3416 &c.]
465 3352 593 3415 insepulta.
714 3353 992 3416 tinaratmsgicissecris.

186 3423 243 3467 628.
263 3419 358 3482 Vetera]
370 3419 689 3479 Cadaverrotioiniooptum.
748 3420 797 3468 642
814 3419 887 3466 Haud
895 3421 984 3482 pocot,
1000 3417 1057 3484 dre]
1074 3420 1163 3484 Specus
1174 3419 1252 3469 dehis·

186 3486 243 3535 629.
261 3482 355 3532 Gelidus
366 3486 417 3540 leto,
433 3482 491 3546 itta]
509 3483 641 3544 Exploraoe
653 3482 690 3530 oui
715 3484 789 3530 centis
799 3483 824 3531 111
834 3498 939 3546 praeceps
946 3486 976 3542 ad
987 3485 1107 3532 Tartarum
1115 3499 1190 3548 prope
1199 3501 1252 3546 pro·

146 3551 201 3598 sint
210 3549 358 3609 integerrima
368 3550 434 3598 vocis
444 3563 539 3611 organa.
714 3547 800 3604 iurrdre,
812 3549 878 3610 sylva
888 3555 958 3608 taxea
966 3564 1053 3614 opaore,
1063 3551 1126 3597 unde
1137 3552 1254 3599 evocanda

186 3615 242 3662 632.
261 3611 692 3675 Fatepnernptorum,&c.]1oeertum
716 3619 765 3659 erat
774 3615 862 3670 umbri,
871 3615 1012 3676 descripti03
1029 3615 1120 3676 qualern
1133 3615 1255 3677 ridttpud

151 3686 198 3736 ert,
206 3679 258 3740 quis
268 3695 282 3725 e
293 3684 356 3725 tantu
366 3679 504 3727 cadaverum
516 3685 578 3725 strue
589 3679 612 3725 in
620 3678 691 3726 vitam
716 3678 783 3741 Virg.
802 3683 824 3729 6.
836 3679 929 3739 AEneid.
942 3681 1023 3728 Seneo.
1039 3679 1095 3728 OEd.
1113 3695 1145 3729 vs.
1160 3682 1220 3731 630.
1230 3689 1258 3731 et

152 3743 346 3792 eitrerocandus.
551 3770 554 3775 ·
717 3743 855 3791 6616111114.
866 3743 940 3791 Theb.

187 3811 245 3856 634.
263 3806 376 3855 Tentasset
394 3810 476 3870 campis
492 3807 571 3871 acite]
588 3806 693 3866 Quodsi
749 3808 805 3858 644.
824 3807 914 3870 vena]
932 3805 1053 3856 Inclinatis
1063 3809 1141 3858 ramis.

154 3879 265 3923 tentasset
276 3889 356 3920 omnes
367 3888 440 3920 enetos
451 3872 507 3921 vitoe
517 3879 542 3919 et
552 3872 634 3935 proeiio
643 3887 693 3920 res·
749 3874 805 3922 646.
824 3872 924 3938 Phoebo]
947 3870 1008 3920 Solis
1021 3872 1096 3922 radiis
1118 3875 1256 3936 imperem-

153 3939 253 3987 timere:
270 3938 373 3999 oportuit
383 3937 507 3986 interorum
523 3937 588 3998 leges
604 3938 634 3984 de
651 3953 692 3984 suo
717 3937 764 3997 bile
790 3953 872 3993 nemus
898 3953 912 3986 e
939 3938 1030 3986 lunesto
1048 3945 1106 3987 taxo
1127 3940 1256 3989 obumbret.

150 4007 205 4065 jure
224 4002 321 4050 cedere:
338 4018 382 4050 nec
397 4003 456 4051 eitra
475 4007 562 4049 neturre
582 4000 693 4056 dedecus,
709 4001 813 4068 Tarus]
840 3996 917 4050 Arbor
936 4008 1057 4061 venenata,
1073 4020 1088 4052 a
1107 4005 1256 4066 pretonico,

154 4075 284 4145 potensque
301 4067 443 4144 prodigium,
466 4074 501 4116 tot
519 4067 574 4114 vitre
590 4067 694 4115 restituti
718 4067 873 4130 quasitrxica
883 4067 947 4146 dicta
955 4074 1015 4116 sunt.
1033 4068 1150 4132 Sulpitins.

149 4148 179 4181 'm
187 4133 497 4262 EEEBREEOQZEure.]
524 4198 596 4260 cujus
616 4203 695 4260 guttur
719 4133 1005 4261 iuipihiselihltheinhuifm]
1021 4133 1118 4197 Squelm
1133 4135 1256 4198 'ulmo

155 4264 411 4325 ipsemeotrejeeerot.
429 4260 529 4311 Grotius
752 4267 809 4315 648.
826 4261 879 4311 Non
887 4262 1003 4317 Tenereis
1015 4263 1047 4311 tie
1072 4262 1184 4329 audine]
1201 4266 1256 4313 Nou

189 4326 678 4391 640.Vieenmm.]1nviamrediturem.
719 4329 778 4376 adeo
796 4329 894 4376 obscure
911 4335 947 4376 eet
967 4327 1037 4376 vellis
1095 4344 1172 4386 umes,
1195 4330 1256 4378 unde

104 4391 113 4412 ⁸
189 4397 246 4442 641.
265 4390 695 4460 9111111111111161111.]Ι1111111111111111161-
721 4395 750 4440 ad
766 4393 851 4443 inferos
864 4393 948 4443 editus.
981 4393 1214 4449 vunentanus.
1232 4398 1256 4444 ¹.
