2784 4860
148 352 214 419 368
413 345 465 412 Μ.
504 343 709 413 ANNAEI
753 341 976 411 L‘UCANI

152 523 277 589 Prisca
289 523 437 596 manent,
452 518 534 581 mihi
549 536 611 601 per
629 518 765 583 Latium
781 518 898 602 jurata
910 516 1114 596 Tonantem,
1150 534 1155 541 ·

152 637 221 703 Per
235 640 367 701 vestros
383 633 522 696 astricta
536 651 668 713 magos,
682 630 820 715 implete
834 630 1023 712 pharetras,
1191 626 1261 695 Μ

153 746 403 828 Armeniosque
419 763 519 808 arcus
535 742 667 808 Geticis
690 739 852 804 intendite
866 738 1001 809 nervis:

150 858 193 923 -Si
206 877 270 921 vos
286 877 307 920 o
323 856 452 931 Parthi,
467 860 617 938 peterem
634 872 711 917 cum
727 849 857 932 Caspia
870 849 1032 927 claustra,

69 972 76 981 '
154 968 199 1032 Et
212 986 370 1050 sequerer
385 965 487 1029 duros
503 965 619 1029 aeterni
635 961 758 1025 Martis
773 958 917 1037 Alanos,

155 1078 286 1143 Passus
308 1075 539 1140 Achoemeniis
553 1075 622 1138 late
642 1074 817 1137 decurrere
839 1070 984 1153 campis,

155 1187 198 1252 In
211 1191 318 1250 tutam
332 1184 485 1268 trepidos
499 1202 674 1266 nunquam
694 1180 875 1262 Babylona
890 1180 1008 1262 coegi:
1190 1178 1261 1245 mc

153 1295 249 1364 Arva
263 1316 365 1379 super
380 1294 471 1377 Cyri,
493 1292 714 1374 Chaldaeique
729 1292 850 1355 ultima
864 1292 971 1373 regni,

153 1407 234 1488 Qua
247 1407 387 1490 rapidus
403 1405 553 1488 Ganges,
568 1409 686 1486 etqua
700 1401 851 1483 Nysaeus
867 1401 1056 1487 Hydaspes

152 1517 332 1583 Accedunt
345 1516 481 1599 pelago,
498 1514 622 1579 Phoebi
633 1513 799 1594 surgentis
815 1512 859 1575 ab
873 1511 952 1593 igne

151 1625 176 1691 J
177 1647 233 1691 am
248 1627 399 1710 propior,
415 1645 518 1708 quam
533 1623 661 1701 Persis
676 1643 788 1687 eram:
811 1629 926 1688 tumen
940 1624 1056 1689 omnin
1069 1623 1216 1691 vincens

153 1736 307 1801 Sustinui
321 1737 445 1800 nostris
460 1755 524 1799 vos
534 1740 665 1799 tantum
680 1734 801 1800 deesse
822 1735 1014 1820 triumphis,
1189 1734 1257 1803 23)

153 1846 323 1929 Solusque
339 1867 358 1910 e
373 1866 512 1910 numero
526 1864 643 1926 regum
657 1846 787 1910 telluris
803 1845 899 1924 ane,

152 1955 210 2021 Ex
225 1977 325 2040 aequo
340 1977 394 2021 me
408 1955 556 2020 Parthus
576 1955 658 2019 adit.
673 1975 737 2020 nec
752 1976 889 2020 munere
904 1954 1025 2038 Magni

150 2064 249 2132 Stant
264 2068 370 2131 semel
384 2065 574 2130 Arsacidae.
591 2066 669 2149 quis
683 2067 774 2129 enim
788 2070 868 2149 post
882 2067 1024 2131 vulnera
1037 2064 1151 2131 cladis
1171 2078 1174 2083 '

152 2176 318 2261 Assyriae,
337 2179 450 2262 justas
466 2176 557 2241 Latii
573 2177 786 2260 compescuit
800 2177 895 2241 iras?

186 2313 354 2359 senatusue.
472 2314 521 2360 224
531 2312 663 2358 discurrere.
793 2312 959 2371 aermptdm.
1090 2308 1223 2363 mlius.

412 2379 458 2425 231
474 2377 577 2439 Solusque
586 2392 618 2433 er,
628 2376 690 2422 Solus
700 2384 721 2422 et
732 2391 751 2422 e.
861 2378 909 2423 232
918 2390 989 2422 nuuc.

186 2505 241 2550 219.
260 2502 307 2550 Per
328 2502 421 2550 Latium
441 2504 525 2563 jurato
547 2500 688 2562 Torrentem]
748 2504 802 2548 224.
820 2500 986 2565 Achaemeniis]
1003 2501 1114 2561 Persicis,
1125 2504 1155 2551 ab
1170 2502 1254 2553 Anbar·

153 2568 201 2614 Per
211 2568 293 2615 Jorem
305 2568 398 2628 Imperii
408 2569 475 2614 Rom.
487 2567 610 2627 praesidem
621 2582 635 2612 a
649 2581 689 2612 uc·
714 2566 774 2612 meni
784 2568 814 2612 de
830 2567 900 2622 tribu,
917 2582 931 2613 e
942 2582 988 2627 qua
998 2566 1078 2628 neges
1089 2567 1224 2627 Persarum,
1239 2584 1255 2615 a

152 2633 198 2689 bis,
209 2640 233 2679 et
245 2635 309 2679 Deos
320 2644 410 2679 vestros
422 2649 435 2678 a
450 2633 523 2693 magis
540 2632 688 2692 sapientibus,
715 2631 762 2676 lilio
771 2630 848 2692 AEgei.
860 2631 939 2691 Steph.
953 2630 1010 2678 Lete
1019 2632 1137 2679 dacem
1148 2634 1252 2698 cosm]

147 2697 356 2757 'mmoubusque
364 2699 447 2758 jurata
713 2697 742 2742 In
751 2697 802 2742 ocio
811 2704 835 2742 et
845 2711 909 2755 pace.

186 2765 242 2808 220.
260 2761 379 2824 Asicius]
400 2762 508 2808 Firmata.
527 2759 625 2822 Magos]
648 2759 688 2804 Sa·
747 2762 802 2807 225.
820 2758 850 2806 Io
861 2768 934 2806 tutam
951 2759 1056 2820 aspides,
1070 2758 1128 2825 Sto]
1145 2762 1201 2809 Non
1216 2778 1253 2811 ro·

151 2825 252 2886 pientes,
262 2828 401 2873 sacerdotes.
412 2826 494 2885 Serpit.
510 2823 601 2884 implete
609 2824 689 2884 ptere-
714 2824 797 2885 pressi,
808 2825 917 2886 usquein
928 2826 1010 2872 urbem
1017 2824 1114 2887 Imperii
1127 2826 1253 2875 menta

153 2891 221 2954 trun]
239 2893 347 2938 instruite
359 2897 383 2937 et
398 2897 477 2951 parete
489 2905 551 2935 arma
562 2889 687 2937 auxiliaria.
715 2889 775 2950 gari.
1251 2916 1255 2921 -

153 2955 233 3001 Parthi
244 2963 320 3001 autem
330 2958 428 3002 arcubus
444 2953 613 3014 preliabantur,
631 2969 689 3014 quos
747 2956 802 3001 226.
820 2953 881 3000 Areo
893 2968 959 3014 supter
977 2952 1053 3016 eyes]
1069 2954 1139 3003 Ultra
1153 2970 1253 3019 m

148 3034 207 3065 oum
217 3035 349 3080 perpacem
356 3020 506 3076 remitterent,
517 3021 541 3067 in
552 3019 689 3066 contrarium
715 3019 844 3065 Persarum.
854 3018 894 3065 lib.
907 3021 930 3065 6.
943 3034 978 3065 rs.
990 3021 1047 3069 449.

153 3085 283 3131 flectebant.
606 3120 609 3126 .
748 3086 802 3130 227.
821 3082 931 3145 Ganges]
955 3083 1029 3131 Indice
1044 3082 1137 3131 liumus.
1157 3082 1255 3149 Nm

187 3151 243 3196 ss1.
259 3149 414 3210 Aenariaeque
424 3162 491 3194 meus
510 3146 613 3211 Geticis]
631 3149 687 3194 Par·
715 3146 850 3211 Hystaspes]
868 3150 957 3208 Nysam
976 3150 1056 3195 urbem
1072 3148 1175 3197 ludin
1190 3150 1254 3199 Bao·

153 3213 236 3261 uicos
714 3213 1056 3272 choconditamproeterflueue.

187 3281 242 3327 292.
260 3277 329 3324 Sicos
347 3294 359 3323 c
377 3275 478 3339 Parthi]
495 3276 587 3323 Avertit
605 3275 688 3323 oratio-
747 3280 802 3328 228.
819 3277 935 3325 Accedunt
945 3277 1045 3341 pelago]
1062 3278 1091 3325 ln
1106 3292 1172 3327 nura
1186 3278 1252 3327 Indi-

153 3356 231 3390 nems
248 3342 358 3388 Deiotaro
377 3342 406 3388 ad
418 3342 524 3397 Parthos,
543 3356 595 3387 cum
606 3342 688 3401 quibas
715 3358 767 3389 cum
794 3343 908 3389 labuntur.
942 3340 1022 3389 Phoebi
1040 3343 1163 3404 nergerrtir,
1187 3342 1252 3421 dcc]

152 3406 280 3455 humaniter
294 3407 350 3467 egit,
364 3412 421 3463 tum,
434 3422 504 3466 quum
513 3412 690 3466 persequeretur
715 3406 813 3468 Propior
839 3422 901 3454 eram
927 3407 1019 3454 Orienti
1041 3406 1087 3453 soli
1111 3420 1183 3468 qam
1204 3408 1253 3471 ipa

153 3472 249 3528 Alanos,
260 3477 287 3517 ut
303 3472 377 3517 Poeta
387 3471 452 3527 dicit,
469 3478 494 3518 et
510 3477 688 3532 peteretportas
717 3474 799 3519 Persae.

153 3536 259 3597 Caspias,
268 3552 325 3596 quas
334 3535 433 3582 clasura
444 3535 525 3596 Cospic
534 3541 610 3583 vocat.
629 3534 689 3581 Hor·
748 3538 803 3584 232.
821 3534 856 3581 Er
873 3551 934 3598 equo
949 3550 984 3582 me
997 3534 1099 3583 Portitor
1107 3536 1179 3603 odit]
1195 3536 1252 3596 Par,

153 3607 209 3646 teus.
228 3600 436 3663 Cespiocicustru]
453 3601 544 3661 Cespite
555 3605 628 3661 portoe
637 3605 690 3646 sunt
714 3601 780 3657 liber,
789 3616 834 3647 non
843 3601 1001 3661 triumphatus.
1019 3598 1068 3647 Nec
1082 3600 1253 3668 *nandiq-

152 3665 232 3721 fsuces
239 3667 349 3712 montium
360 3665 495 3725 Caspiorum
503 3666 562 3712 inter
573 3664 656 3711 Medos
665 3672 689 3711 et
714 3666 759 3729 ui]
771 3666 853 3726 Neque
863 3665 1040 3713 incolumitatem
1052 3671 1078 3711 et
1086 3680 1169 3727 pacem
1177 3668 1253 3717 eni

151 3720 259 3775 Parthos.
277 3730 325 3776 Sed
342 3731 371 3776 de
383 3730 434 3776 aliis
449 3730 520 3776 furcis
531 3746 575 3777 ceu
585 3729 689 3776 lancibus
714 3736 801 3777 tautum
811 3744 863 3776 meo
873 3731 959 3779 dehent
968 3730 1088 3787 beneficio,
1097 3732 1154 3792 quin
1163 3738 1253 3793 etpost

152 3794 284 3841 menium
299 3810 380 3840 versus
390 3800 426 3840 est
436 3794 608 3854 intelligendum
619 3810 624 3838 :
636 3809 688 3840 cum
714 3796 788 3843 victos
800 3796 905 3852 Crassos,
915 3794 1014 3841 dissuasi
1025 3810 1070 3856 ego
1083 3794 1108 3843 in
1117 3796 1252 3855 Sumne

153 3858 278 3918 Pompeius
289 3859 333 3904 hue
346 3874 391 3904 non
407 3859 545 3918 pervenerit.
556 3861 591 3905 uti
601 3874 644 3904 nec
658 3860 688 3905 ad
714 3860 799 3906 bellurn
811 3860 903 3907 Parthis
911 3859 1040 3916 inferretur,
1049 3860 1147 3909 durna
1156 3876 1192 3909 ac·
1199 3860 1252 3909 bel·

153 3922 240 3969 Menos
251 3923 352 3983 Scythiae
363 3922 483 3983 Europoeae
499 3938 554 3983 pop.
567 3924 608 3970 sed
617 3923 688 3969 Alba·
713 3925 737 3971 lo
746 3924 844 3971 Gallico.

152 4002 195 4034 uos
206 3987 292 4047 potius,
301 3989 340 4048 qui
349 3987 440 4047 Caspiis
448 3987 553 4035 claustris
564 3995 588 4034 et
596 3988 688 4034 Parthis
746 3991 801 4037 233.
817 3988 950 4053 Arsacias]
967 3987 1053 4045 Parthi,
1063 3990 1093 4037 ab
1106 3992 1194 4037 Am
1200 3990 1251 4051 pri·

153 4051 283 4099 viciniores.
302 4055 339 4099 De
350 4051 386 4097 his
397 4052 452 4098 item
463 4052 525 4099 Plut.
534 4053 557 4099 in
569 4053 651 4112 Pomp.
664 4059 688 4099 et
712 4069 750 4100 mo
763 4054 895 4101 Parthorum
913 4069 977 4115 rope·
996 4053 1052 4109 Quis
1067 4054 1183 4115 esaum
1198 4054 1251 4103 msi-

153 4116 227 4164 'l'acit
238 4117 319 4162 Annal.
332 4119 371 4162 1e.
382 4118 420 4162 13.
432 4118 470 4164 15.
488 4124 556 4177 atque
565 4117 599 4163 ita
609 4117 687 4179 legeu-
712 4118 787 4181 uera]
799 4118 859 4176 Quis
867 4124 922 4178 post
929 4118 1118 4176 monem,
1127 4126 1218 4181 pan
1225 4126 1252 4171 at

153 4183 208 4230 dum
219 4182 280 4242 apud
290 4181 354 4228 Suet
364 4181 387 4226 iu
398 4180 530 4227 Domitiano
541 4197 591 4241 cup.
605 4186 628 4229 1.
712 4184 785 4231 lilium
795 4200 809 4229 a
820 4183 920 4240 Parthie,
929 4183 1041 4235 continuit
1050 4184 1164 4247 populu
1177 4184 1248 4233 Bora.

141 4273 145 4279 ·
185 4249 242 4295 223.
259 4244 350 4292 AEtemi
360 4244 552 4309 transuersos]
569 4246 617 4302 Qui
628 4262 687 4292 sem·
711 4262 741 4296 ue
751 4264 779 4295 ee
790 4249 869 4297 clades
885 4248 1173 4313 summouentium?
1187 4246 1250 4297 Hor·

152 4311 228 4372 perin
239 4311 380 4367 armissunt,
392 4311 431 4373 qui
441 4310 591 4359 induruemut
600 4312 687 4360 assueti
711 4315 803 4363 umbo·
1189 4330 1194 4337 '

105 4398 108 4404 ¹
151 4376 227 4424 bellis.
