2784 4860
338 340 564 423 c1v1n1s
598 277 811 429 ..annm
829 343 938 417 um.
958 341 1055 412 un.
1184 340 1254 441 ιιι.

144 520 197 587 Te
212 520 381 605 geminum
396 521 499 585 Titan
513 522 699 605 procedere
714 523 801 588 vidit
814 523 850 586 in
866 542 980 587 axem.

146 631 254 696 Haud
268 634 410 696 multum
421 637 519 696 terrae
535 634 684 715 spatium
698 635 849 698 restabat
863 633 960 710 Eoae,

146 742 196 807 Ut
209 744 271 806 tibi
286 764 368 820 nox,
384 744 447 806 tibi
461 749 535 807 tota
549 744 634 820 dies,
651 744 713 808 tibi
729 751 876 809 curreret
891 743 1006 821 aether,

145 852 338 935 Omniaque
354 858 502 916 errantes
518 854 626 917 stellae
644 853 802 921 Romana
815 853 980 921 'viderent
1176 855 1252 942 495

147 964 216 1028 Sed
234 972 321 1028 retro
338 970 397 1028 tua
412 965 483 1028 fata
497 966 574 1028 tulit
589 986 651 1048 par
666 969 823 1031 omnibus
839 967 937 1034 annis

145 1075 313 1149 Emathiae
329 1075 465 1139 funesta
480 1075 565 1139 dies
582 1076 646 1139 hac
660 1069 739 1141 iuce
755 1084 895 1151 cruenta

144 1187 324 1276 Effectum,
340 1192 377 1250 ut
393 1187 513 1251 Latios
528 1207 597 1251 non
611 1188 746 1252 horreat
761 1189 862 1253 India
875 1190 1001 1270 fasces,

145 1297 222 1363 Nec
238 1300 363 1362 vetitos
379 1318 489 1361 errare
506 1299 602 1362 Daas
617 1300 653 1363 in
667 1301 796 1364 moenia
811 1301 936 1366 ducat:

144 1410 439 1492 Sarmaticumque
455 1417 586 1493 premat
601 1413 797 1476 succinctus
813 1411 943 1476 Consul
959 1406 1127 1478 aratrum:
1155 1389 1158 1394 ⁵
1185 1410 1251 1474 430

145 1519 249 1599 Quod
265 1542 399 1604 semper
414 1541 527 1586 saevas
543 1522 645 1586 debet
664 1522 727 1586 tibi
742 1521 884 1587 Parthia
899 1543 1033 1605 poenaS,

144 1631 250 1709 Quod
265 1632 398 1712 fugiens
414 1633 515 1696 civile
529 1632 638 1708 nefas,
653 1632 869 1714 redituraque
885 1653 1060 1716 nunquam

144 1742 313 1818 Libertas,
329 1743 420 1805 ultra
434 1742 574 1824 Tigrim,
592 1742 816 1827 Rhenumque
836 1746 990 1820 recessit,

143 1853 211 1930 Ac,
227 1855 328 1918 toties
342 1854 443 1916 nobis
455 1853 576 1936 jugulo
593 1854 750 1935 quaesita,
766 1861 917 1937 negatur,
951 1920 952 1923 ,

143 1963 363 2041 Germanum,
376 1964 643 2046 Scythicumque
658 1965 802 2029 bonum:
825 1986 889 2030 nec
905 1967 1046 2049 respicit
1060 1967 1149 2032 ultra
1185 1967 1256 2033 435

143 2074 355 2138 Ausoniam:
378 2075 512 2151 vellem,
528 2076 668 2157 populis
682 2075 857 2158 incognita
870 2079 1015 2142 nostris:
1238 2059 1240 2063 ’

142 2184 299 2249 Vulturis
314 2192 351 2249 ut
365 2186 512 2273 primum
527 2187 617 2255 laeva
632 2185 775 2250 tundata
789 2188 907 2254 volatu

142 2374 192 2422 499
205 2370 302 2428 Duabus,
312 2372 408 2428 Decios,
421 2373 517 2430 Bathos,
527 2372 606 2420 Dacus.
656 2375 704 2422 431
714 2389 779 2422 savar
789 2389 878 2439 semper.
929 2379 978 2426 434
988 2376 1035 2424 Ha.
1085 2379 1134 2426 434
1145 2385 1249 2441 vagetra.

174 2524 279 2573 4991ιι
297 2525 379 2592 arem]
405 2526 442 2572 Ad
457 2526 641 2588 Septentrionem
660 2533 684 2574 et
741 2530 798 2577 439.
817 2530 880 2584 Quod
889 2528 987 2595 fugiens
1003 2528 1160 2595 ciuilemfos]
1179 2529 1249 2586 Quod

140 2591 271 2636 meridiem.
708 2593 778 2653 periit
790 2593 857 2639 nobis
869 2547 973 2651 libertas,
984 2597 1038 2656 fuga
1050 2604 1117 2641 extra
1126 2597 1192 2640 Rom.
1202 2595 1249 2640 Im·

175 2659 231 2703 493.
250 2655 322 2701 Haud
338 2655 532 2717 multumterre]
556 2657 684 2703 Restabant
708 2673 768 2718 pern
779 2657 887 2704 terminos
898 2667 978 2706 avecta
979 2660 1086 2720 fugiens
1097 2659 1167 2705 crvrle
1178 2659 1249 2713 nefas

142 2719 225 2766 Parthi
237 2728 325 2767 tantum
337 2729 361 2766 et
372 2722 425 2766 Indi
437 2719 506 2767 armis
518 2721 648 2780 subigendi,
657 2728 684 2767 ut
708 2737 821 2780 nunquam
833 2724 941 2770 reditura.

142 2785 172 2832 ab
182 2785 279 2831 Oriente
296 2786 324 2830 ad
335 2787 485 2832 Occidentem
502 2785 622 2832 universus
637 2792 683 2831 ter·
742 2788 798 2834 433.
819 2786 886 2834 Ultra
897 2787 1002 2850 Tigrim]
1021 2788 1093 2846 Quasi
1106 2789 1176 2842 dieat,
1187 2787 1250 2836 ultra

140 2866 219 2896 rarum
229 2851 292 2896 orbis
302 2851 388 2896 Rom'
383 2851 481 2910 rmperio
491 2851 662 2910 subjicereturv
710 2853 818 2899 terminos
827 2853 921 2915 Imperii
932 2855 1041 2900 Romani.
1059 2855 1104 2901 Sed
1123 2869 1175 2900 cum
1190 2852 1250 2898 inhe
1303 2899 1309 2911 Χ

176 2918 231 2965 495.
250 2914 352 2960 Rauenna
364 2915 484 2977 viderent]
503 2915 616 2962 Romanis
629 2917 683 2962 sub·
709 2918 903 2964 dicatGermanis
920 2927 945 2965 et
960 2921 1031 2978 Scyth
1033 2918 1250 2965 seoncessamli-
1328 2922 1335 2943 ¹

147 2979 206 3026 dita
708 2985 829 3038 bertatem‚
836 2999 918 3029 vereor
928 3000 956 3030 ne
966 2981 1067 3038 Tanaim
1076 2984 1106 3030 s1t
1118 2982 1249 3046 tegendum,
1278 3016 1281 3020 -

176 3047 232 3092 496.
250 3043 554 3107 Sedretrotaafctatulit.]
571 3046 683 3092 Sedunus
709 3063 777 3107 quem
787 3017 848 3093 ultis
858 3049 960 3108 Scytha,
969 3048 1250 3096 uttransRhenumGer-

144 3109 184 3156 hio
193 3111 319 3156 Thessalici
335 3112 411 3172 proelii
426 3110 477 3156 dies
491 3117 526 3156 tot
536 3119 598 3156 retro
613 3126 683 3158 anno·
708 3113 777 3158 mani
790 3113 851 3159 ultra
858 3113 947 3173 Tigrim
959 3122 1021 3160 certe
1033 3115 1079 3160 Par
1082 3115 1114 3159 thr
1123 3113 1248 3174 regnaban-

141 3190 194 3222 rum
209 3175 286 3220 felicia
302 3176 349 3221 fata
366 3176 487 3222 subuertit.
521 3175 569 3221 Par
585 3177 684 3222 mnitibus
709 3184 753 3232 tur,
759 3178 1045 3226 nonautemliherierant.
1062 3177 1250 3238 ltaqneopponit
1349 3193 1352 3201 ’

140 3239 227 3300 annia]
246 3241 293 3296 Qui
304 3248 392 3287 tantum
401 3243 507 3286 damnum
518 3240 601 3296 attulit
613 3256 683 3301 quan-
709 3241 816 3288 Tacitus·
833 3242 913 3289 Aerior·
930 3242 1019 3291 Arsacis
1033 3257 1103 3305 regna
1126 3242 1250 3289 Germano

143 3312 192 3356 tum
202 3305 309 3352 utrhtatrs
318 3322 397 3352 omnes
405 3321 458 3353 anm
468 3321 607 3366 superiores
619 3305 682 3364 Salp.
708 3322 760 3352 ram
775 3306 870 3354 literas,
892 3308 996 3354 Grotius.
1024 3307 1119 3371 Tigrim,
1133 3306 1249 3352 Rhenum·
1335 3343 1338 3349 .

173 3373 231 3418 497.
249 3369 299 3416 Hac
310 3371 359 3416 tace
369 3380 471 3425 cruente,
480 3368 537 3430 &c.]
556 3372 610 3416 Hoc
621 3386 683 3431 proe-
709 3369 769 3432 qna]
789 3369 882 3418 Tanaim
892 3373 945 3433 legi
951 3380 1058 3433 oportere
1071 3374 1168 3419 videtur.
1178 3385 1250 3431 prop-

140 3435 174 3482 tto
183 3436 268 3480 sactum
277 3442 321 3489 est,
331 3444 357 3481 ut
363 3435 461 3481 Romani
471 3434 568 3494 Imperii
576 3437 684 3495 majestas
710 3444 745 3482 ter
755 3435 881 3497 Scytbicum
893 3439 955 3497 quod
968 3438 1082 3497 sequitur,
1098 3445 1123 3484 et
1139 3436 1178 3483 cui
1194 3452 1250 3484 con·

142 3500 251 3561 etgtoria
266 3501 331 3546 fieret
348 3499 501 3560 contemptior
518 3500 579 3559 apud
593 3508 685 3546 exteras
709 3500 916 3554 venit,ut1heao
929 3500 1073 3548 Germanum.
1091 3501 1173 3548 Parthi
1189 3501 1250 3550 ultra

141 3573 233 3627 gentes,
244 3566 323 3620 Indos,
333 3567 404 3620 Daas,
415 3566 539 3618 Sarmatas,
551 3564 658 3610 Parthos
709 3565 798 3626 Tigrim
818 3574 961 3625 agnoverunt
979 3583 1070 3627 regern:
1093 3574 1119 3615 ut
1136 3581 1192 3612 mox
1212 3583 1249 3614 rs.

175 3633 233 3677 498
251 3629 347 3692 Fasces]
374 3634 440 3678 Coss.
457 3645 569 3675 summum
585 3629 684 3689 Imperi·
709 3632 765 3679 449.
784 3631 956 3690 Scythiaeuitra
965 3631 1059 3677 Tanaim
1072 3631 1223 3678 liberiorant.

140 3711 189 3743 um.
741 3697 797 3743 434.
814 3694 848 3741 Ju
847 3695 1030 3759 guloquaesitn]
1058 3696 1143 3744 Mortis
1166 3695 1249 3743 discri-

174 3762 231 3809 499.
250 3757 297 3805 Nec
310 3760 386 3806 uetitos
404 3772 482 3804 errare
495 3755 578 3820 Dana]
600 3759 683 3818 Neque
708 3758 779 3814 mine,
794 3712 880 3806 dumgu
864 3768 973 3822 tyrannos
987 3776 1001 3807 e
1015 3761 1093 3808 medio
1109 3761 1192 3808 tollere
1208 3776 1250 3825 ag·

139 3826 243 3885 Scythia
255 3825 334 3884 popul.
344 3823 519 3887 ἅμιξιφιρίιιιιις
535 3824 601 3885 ragis
613 3825 684 3871 urbes
709 3825 834 3885 gredimnr.

142 3891 267 3936 constituet
279 3890 372 3937 Consul.
741 3891 797 3937 435.
816 3888 961 3946 domnum,
969 3889 1138 3953 Scythicumque
1148 3888 1250 3955 bonum]

174 3959 232 4004 430.
250 3955 438 4014 Somnnticrnnqne
456 3961 541 4013 premat
558 3953 685 4000 srwcinctaa
709 3955 831 4013 Libertas3
846 3956 932 4002 bonum
950 3971 996 4016 quo
1015 3955 1122 4003 fruuntur
1140 3957 1250 4026 Germani

143 4019 246 4081 Currant]
270 4021 352 4080 Neque
370 4018 480 4065 Sarmatis
495 4017 560 4064 urbis
577 4018 628 4064 loca
644 4019 684 4064 de·
709 4027 733 4066 et
744 4020 843 4080 Scythae.

140 4084 467 4146 signetconsulsuccinctns3
482 4082 684 4143 quodtiebatara-
741 4086 797 4132 436.
829 4082 919 4142 Vellem,
937 4081 994 4146 &c.]
1023 4085 1098 4143 Quam
1118 4084 1249 4133 libertatem

141 4158 188 4205 tro,
200 4149 330 4210 subjunctis
343 4165 414 4196 vacca
425 4156 448 4194 et
459 4156 533 4203 tauro
544 4148 632 4194 sulcum
641 4149 683 4194 du
708 4149 795 4196 utinam
811 4149 911 4196 Romani
933 4166 979 4196 non
1000 4149 1119 4197 novissent
1134 4164 1250 4210 anquam3

141 4224 210 4261 cente
221 4216 260 4261 ubi
271 4212 354 4260 muenia
364 4220 510 4274 ponerentur.
708 4215 751 4262 sed
759 4216 789 4263 ab
801 4215 866 4262 Urbe
876 4215 969 4262 condita
980 4217 1010 4262 ad
1026 4217 1076 4261 haec
1087 4215 1248 4275 usqueThess.

176 4283 232 4328 431.
252 4281 316 4333 Quod
333 4294 414 4339 semper
428 4292 496 4325 acuar
510 4274 595 4340 dehet]
613 4275 684 4334 Quod
709 4279 1208 4356 cladistemporesubregibusserviissent.

141 4345 244 4391 Romam
255 4361 300 4390 non
312 4343 354 4390 ultr
364 4351 418 4390 sunt
426 4345 523 4391 Crassos
534 4357 608 4389 caesos
610 4341 684 4401 ,legi
740 4347 797 4393 437.
818 4342 955 4392 Vulturnut
963 4361 1070 4406 primam
1077 4341 1134 4406 &c.]
1151 4343 1251 4392 Ubiae·

98 4453 100 4461 .
139 4406 667 4475 omsnmsetsrgnrabtamhb.1vs.10
709 4409 880 4481 ganacaptrtri
890 4409 1103 4474 delnominenorre
1113 4407 1184 4460 urbi
1176 4423 1251 4492 impo-
