2784 4860
151 330 216 397 166
433 327 484 394 Μ.
528 328 733 396 ANNAEI
778 326 1002 398 LUCANI

148 495 353 568 Visceribus
368 502 436 568 sibi
449 505 566 588 poscit
579 524 701 589 equus.
722 524 806 571 mox
820 505 946 572 robors
959 506 1086 585 neruis,
1162 564 1165 569 ,

114 649 116 652 -
150 613 195 680 Et
208 615 299 680 vires
314 615 444 680 rediere
463 615 558 680 viris.
604 616 635 680 Ο
647 617 793 700 prodiga
806 637 918 682 rerum

149 726 331 802 Luxuries,
354 742 528 809 uunquam
543 747 651 811 parvo
668 733 828 793 contentu
841 732 978 812 paratu,

150 838 195 903 Et
209 839 430 922 quaesitorum
446 843 546 916 terre,
567 839 760 923 pelagoque
777 839 934 905 ciborum
1192 842 1263 911 8⁷5

148 944 346 1014 Ambitiosa
360 949 482 1026 fames,
505 956 540 1014 et
553 951 657 1014 lautae
673 950 784 1031 gloria
796 970 938 1028 menese,

149 1060 296 1137 Discite,
320 1079 423 1143 quern
437 1080 546 1144 parvo
561 1061 666 1126 liceat
685 1060 878 1143 producere
892 1063 1011 1140 vitum,

148 1172 194 1238 Et
207 1176 371 1256 quantum
384 1178 507 1236 natura
519 1176 625 1255 petat.
645 1191 714 1236 nou
729 1173 828 1255 erigit
842 1192 954 1256 aegros
1058 1178 1062 1188 '

149 1283 289 1348 Nobilis
304 1283 421 1366 ignoto
437 1282 580 1347 diffusus
596 1283 737 1348 consule
752 1283 913 1349 Bacchus
928 1303 937 1348 ε

148 1392 231 1459 Non
242 1413 337 1472 auro,
359 1392 563 1476 murrhaque
582 1394 731 1469 bibunte
745 1395 808 1460 ssd
822 1397 952 1478 gurgite
967 1414 1054 1480 puro
1190 1396 1258 1471 881)

146 1502 232 1571 Vita
245 1504 343 1570 redit.
367 1505 452 1568 satis
468 1509 521 1568 est
535 1505 675 1590 populis
688 1497 882 1592 fluviusque
897 1507 1084 1592 Ceresque,
1123 1528 1128 1545 ¹

148 1617 231 1682 Heu
245 1617 372 1694 miseri,
396 1617 454 1700 qui
471 1616 563 1681 bella
577 1624 706 1700 gerunt.
750 1617 849 1684 tunc
865 1638 961 1686 uma
973 1619 1171 1704 relinquens

96 1749 101 1764 ‘
146 1729 282 1796 Victori
296 1729 395 1794 miles
411 1728 561 1812 spoliato
576 1736 716 1812 pectore
731 1736 837 1808 tutus,

130 1906 133 1911 ,
146 1841 390 1926 Innocuusque
406 1860 487 1906 suas
503 1860 659 1907 curarum
674 1843 760 1908 liber
775 1843 811 1906 in
825 1842 928 1908 urbes

145 1953 333 2036 Spargitur.
357 1973 379 2017 o
394 1957 559 2037 quantum
574 1954 701 2018 donata
716 1973 804 2037 pace
819 1955 949 2038 potitos
1188 1952 1255 2021 38⁶

145 2063 314 2130 Excussis
328 2085 479 2149 unquam
493 2065 617 2130 forrum
631 2067 786 2130 vibrusse
811 2066 950 2131 lacertis

94 2184 99 2192 “
144 2173 322 2253 Poeuituit,
345 2177 510 2240 tolerasse
525 2175 630 2253 sitim,
652 2175 843 2259 frustraque
859 2174 999 2259 rogasse

240 2324 290 2370 377
305 2325 406 2385 suscepit.
514 2324 563 2372 373
580 2324 653 2370 turbu.
759 2322 808 2371 377
827 2316 913 2371 Dicite.
1023 2322 1075 2372 373
1088 2325 1153 2385 petit.
1232 2315 1235 2318 ⁴

333 2391 383 2439 384
399 2389 554 2457 inicuique.
620 2392 670 2440 385
683 2390 768 2451 petitos
867 2392 915 2437 386
932 2405 1056 2453 nusquam.

177 2516 233 2563 372.
252 2514 497 2580 Moeroborcueruis]
515 2518 576 2564 Mox
593 2517 684 2565 rediere
708 2514 820 2562 turmine
840 2513 941 2563 elensis.
970 2516 1053 2577 Cyrus.
1088 2513 1150 2562 'tissi
1177 2511 1202 2562 ei
1221 2514 1255 2581 lsi

144 2581 256 2629 militibus
265 2597 325 2643 equs
331 2582 425 2630 relectis
432 2583 495 2630 vires
505 2582 616 2644 pristinu.
708 2580 802 2644 Βςοτοῖσι
822 2584 883 2630 πλὴν
900 2581 951 2628 δυοῖν
967 2580 1035 2644 μένον,
1053 2579 1165 2649 Δήμητρος
1184 2582 1253 2635 ἀκτῆς

177 2648 232 2695 373,
253 2646 386 2712 Opuodigu,
403 2646 460 2710 δια]
478 2647 629 2694 Occasionee
641 2645 684 2693 be·
709 2643 817 2706 κάματός
824 2644 846 2692 τ’
856 2646 959 2711 ὑδρηχόου.
977 2647 1086 2694 blesend.

143 2711 227 2764 rusticio
247 2727 313 2774 cquoe
331 2713 439 2768 redditse,
454 2714 558 2760 excurrit
577 2719 645 2776 postu
660 2711 684 2759 iu
742 2713 798 2758 387.
826 2709 879 2758 Heu
896 2713 978 2769 mim
1006 2713 1046 2774 qui
1066 2710 1123 2759 bellu
1142 2718 1239 2777 gerunt.

144 2778 319 2824 detestationem
332 2778 402 2826 luxus
412 2777 569 2825 delicatorum.
709 2776 764 2822 Heu
775 2782 831 2837 quot
839 2775 930 2824 labores
942 2777 1064 2830 subeundi,
1081 2781 1139 2837 quot
1222 2775 1229 2789 ⁸

177 2843 234 2891 374.
253 2841 327 2890 Pereo
340 2852 442 2893 contentu
459 2842 563 2905 pis-ratu]
581 2842 615 2889 Iis
632 2854 684 2904 ques
708 2840 851 2901 perferendus
858 2842 888 2902 iis
899 2842 939 2903 qui
947 2850 1023 2889 cestre
1031 2846 1165 2902 sequuntur.
1185 2839 1251 2901 lisere

144 2907 212 2955 fusile
223 2915 338 2970 prsrsutnr.
708 2904 845 2971 crmu,&c.]
863 2907 928 2954 luter
939 2906 985 2954 slis
996 2907 1074 2954 Caessr
1083 2904 1250 2969 responderet:

178 2975 234 3024 376.
252 2972 374 3020 Ambitiosa
377 2974 463 3039 fumes,
479 2970 536 3034 be]
553 2972 636 3032 Neque
654 2972 683 3019 sd
709 2986 734 3017 ec
746 2971 839 3018 nuncid
848 2988 895 3019 non
906 2987 974 3033 egere
985 2978 1011 3020 ut
1020 2973 1050 3018 sb
1062 2970 1109 3018 illis
1122 2964 1250 3019 sbdscrnn

144 3036 241 3085 delicies
252 3044 349 3096 tautum,
367 3041 409 3086 sed
427 3036 561 3100 adglorians
572 3043 597 3083 et
607 3040 683 3084 osten·
708 3037 837 3083 exercitum
857 3045 934 3084 teuent
951 3037 1012 3098 ipse,
1028 3037 1090 3097 quod
1107 3042 1185 3083 lmen
1203 3035 1250 3085 sibi

143 3102 262 3150 tetionsrn.
282 3105 373 3150 l'strcn.
390 3103 508 3167 ingeniose
520 3101 578 3165 gule
587 3110 625 3159 est,
637 3101 681 3149 &c
707 3100 801 3149 difficile
811 3117 856 3148 non
872 3102 918 3161 sit3
934 3104 975 3150 sed
988 3117 1018 3149 ne
1035 3101 1070 3149 illi
1079 3101 1188 3158 hbesnt,
1203 3114 1250 3162 qne

176 3169 233 3217 377.
252 3166 347 3223 Discite,
363 3167 420 3232 diu]
438 3169 477 3215 lix
490 3166 525 3213 bis
544 3167 683 3223 Afnnisnis,
707 3172 788 3213 coutrs
806 3183 832 3214 se
849 3169 883 3215 uti
899 3167 996 3229 possint.
1013 3166 1110 3228 proinde
1126 3181 1190 3214 uns
1202 3171 1250 3215 tn·

144 3249 204 3294 quos
214 3233 317 3282 restituit
327 3250 372 3280 uou
386 3235 465 3281 viuum
480 3232 592 3280 nobilest
605 3240 682 3291 vetus,
707 3230 770 3287 dent,
787 3233 916 3280 exercitum
927 3232 1053 3288 dimittunt,
1062 3229 1192 3293 provinciis
1206 3245 1251 3285 sx-

142 3299 185 3346 sed
196 3292 370 3360 squneimpleu.
706 3296 798 3353 cedent,
815 3297 957 3346 domicilium
976 3305 1016 3344 nut
1031 3296 1194 3358 possessiones
1208 3296 1250 3359 μ’

176 3366 232 3413 379.
251 3363 336 3411 Nobilis
352 3366 435 3428 ignoto,
464 3361 520 3424 uu]
544 3361 630 3409 Nobile
646 3362 682 3409 ri-
706 3360 731 3406 iu
750 3362 865 3423 Hisponis
885 3363 978 3418 lisbeut,
1003 3362 1090 3416 stetim,
1115 3360 1200 3424 reliqui
1218 3360 1250 3410 sd

142 3442 197 3476 nuru
209 3429 311 3490 Opimio,
328 3431 424 3476 Cesset
444 3429 562 3489 Philippo,
580 3429 617 3474 vel
636 3427 681 3476 elio
707 3427 794 3473 Verum
811 3429 866 3475 fluv.
882 3427 1034 3476 uniuntur.
1051 3426 1182 3476 Communi.
1201 3425 1248 3475 siv.

142 3500 239 3555 propter
253 3501 389 3542 vetuststern
408 3493 488 3552 ignoto
499 3492 567 3540 nobis
582 3492 681 3540 Consule
706 3491 751 3538 bel.
762 3497 785 3540 1.

142 3559 295 3607 reconditum.
329 3559 439 3620 Cupiliuto
454 3555 563 3622 diffusum
584 3558 682 3614 emente,
739 3559 795 3606 383.
814 3554 894 3611 Tutus,
918 3555 975 3621 dec]
994 3556 1114 3617 Hispsnus
1129 3554 1199 3605 miles
1220 3555 1249 3603 il-

42 3660 49 3668 .
141 3623 359 3686 inquitJureuslis,
375 3626 441 3686 cujus
454 3626 561 3685 patrum,
578 3623 682 3669 titulum·
705 3620 775 3669 lusus
784 3620 915 3670 dimittitur.
933 3620 1249 3681 civetcmmnequidsts

142 3704 185 3752 que
193 3698 291 3738 seruetur
303 3689 392 3736 Deiecit
402 3689 474 3735 mube
491 3689 569 3736 emeris
576 3688 682 3754 fuligine
705 3693 823 3741 uicestur,
839 3687 932 3748 nequis
948 3687 1035 3735 inritus
1047 3693 1190 3734 munceio
1207 3701 1250 3734 ce·

141 3762 210 3808 tede,
226 3751 295 3815 quern
314 3755 367 3802 ride
378 3756 425 3800 Set.
443 3758 466 3804 5.
483 3768 517 3801 vs.
528 3756 568 3801 31).
587 3760 611 3801 et
630 3768 681 3814 qnae
706 3758 781 3813 gutur.
816 3751 890 3798 Addit
903 3752 982 3810 susm,
992 3759 1020 3799 ut
1031 3751 1088 3812 quid
1099 3751 1250 3817 quinquen·-

141 3819 233 3869 uosibi.
706 3833 758 3867 rum
776 3817 802 3864 in
823 3816 886 3864 bello
907 3817 1010 3864 emiserit
1031 3816 1176 3873 restituetur,
1201 3813 1248 3865 den.

175 3886 232 3932 380.
251 3881 303 3931 Nou
313 3897 377 3941 curo,
388 3882 446 3948 δια]
464 3883 517 3930 Non
526 3882 681 3944 sureispocn·
706 3882 836 3929 Comment.
847 3881 894 3929 civ.
906 3882 952 3929 bel.
966 3886 988 3930 1.

139 3947 170 3998 lis
181 3949 357 4010 mnrrliiuisquc.
375 3949 404 3996 de
413 3949 496 4010 quibns
513 3948 627 4008 viceque
638 3963 681 3996 uos
739 3950 796 3997 385.
815 3946 965 4010 Oqusntum,
976 3946 1019 3994 &o
1036 3960 1116 4008 scrupe
1123 3945 1177 4003 ssu,
1188 3943 1248 4011 dns]

142 4017 172 4064 sd
189 4016 258 4076 epist.
277 4019 332 4064 113.
357 4014 565 4062 Martialium.
583 4012 682 4077 Gurgite
706 4015 728 4060 0
748 4028 815 4074 qusnr
832 4012 943 4074 poenirnit
963 4012 1101 4060 Atmisnos
1119 4011 1248 4059 metusne

140 4079 219 4145 puro]
237 4086 304 4140 Aque
312 4093 374 4126 iners
384 4087 409 4124 et
419 4076 526 4140 simplici.
706 4079 794 4125 tsrudiu
804 4077 870 4134 belli,
878 4079 1013 4126 detrectstsn
1023 4075 1248 4133 conuenturum

175 4148 231 4195 381.
250 4145 308 4192 Satis
323 4153 354 4192 cst
373 4144 468 4205 populis,
483 4143 542 4206 δια]
561 4144 600 4189 Du
624 4143 680 4190 inibi
705 4143 792 4204 inopius
810 4143 872 4189 ultre
885 4158 954 4205 quem
971 4157 1031 4202 opus
1047 4148 1098 4189 stul
1118 4152 1247 4204 perpesse,

141 4212 258 4274 polentem
275 4218 299 4258 et
315 4224 397 4271 equum
413 4209 489 4270 iuquit
508 4208 633 4268 Epicurus,
656 4219 681 4255 et
707 4217 812 4256 votorum
823 4208 941 4269 protolici
958 4206 1021 4255 bello
1038 4207 1068 4254 ed
1077 4206 1138 4254 deos
1147 4221 1194 4255 non
1203 4221 1248 4255 cx·-

141 4293 194 4326 cutn
205 4279 265 4326 Jove
276 4277 328 4338 ipso
339 4276 369 4321 de
385 4275 495 4321 felicitate
512 4272 680 4332 contenderim,
705 4274 827 4321 audientes
847 4272 939 4320 solicite
966 4279 1143 4334 conceptorum,
1170 4284 1247 4333 eoque

140 4343 223 4390 Ssuec.
231 4341 300 4402 epist.
311 4347 336 4389 et
346 4338 431 4388 AElisn.
445 4352 494 4387 ves.
505 4338 586 4387 histor.
603 4339 644 4386 lib.
655 4343 678 4386 4.
705 4339 780 4402 uirgis
795 4354 850 4386 cunr
860 4339 957 4387 visent
971 4337 1101 4386 victoribus
1110 4342 1202 4387 usius
1211 4343 1248 4387 ist

139 4423 191 4472 tu·
209 4411 248 4458 ¹³·
271 4405 331 4472 iun
351 4403 420 4469 eim
447 4403 497 4470 veit
515 4405 556 4468 ris
576 4406 680 4466 maeri
704 4418 833 4469 reum·
846 4403 989 4462 ussum,
1003 4401 1048 4453 &o
