2784 4860
138 331 240 432 roe
410 327 461 392 ru.
505 326 712 395 nuumr
755 326 1030 411 nucum,
1120 336 1123 341 ·

140 507 222 572 Non
234 524 337 589 super
351 509 501 570 arentem
516 503 670 582 Meroen,
694 503 887 588 Cancrique
906 504 972 571 sub
994 522 1075 581 axe,

139 617 221 698 Qua
231 617 314 682 nudi
326 615 551 682 Garamantes
567 621 674 692 arant,
697 616 836 680 sedere:
860 615 1018 681 sedinter
1198 669 1203 675 .

140 729 361 812 Stagnantem
382 726 539 804 Sicorim,
563 733 598 791 et
610 727 769 812 rapidum
791 724 980 810 deprensus
1001 724 1141 794 lberam
1182 726 1250 794 335

141 840 285 925 Spectat
305 840 440 904 vicinos
463 839 583 903 sitiens
597 839 769 902 exercitus
784 857 914 902 amnes.
1146 855 1150 861 ·

183 952 265 1017 Jam
287 952 407 1017 domiti
430 971 565 1016 cessere
582 950 699 1026 duces,
716 944 883 1033 pacisque
897 949 1055 1034 petendte
1113 948 1142 977 ·’
1165 950 1171 961 ’
1197 946 1205 957 ’

141 1061 274 1128 Auctor
288 1063 457 1128 damnatis
479 1064 629 1145 supplex
643 1060 806 1125 Afranius
821 1063 936 1140 armis,

141 1173 367 1238 Semianimes
382 1175 418 1236 in
440 1178 555 1238 castra
568 1171 705 1237 trahens
726 1171 866 1236 hostilia
877 1176 1018 1250 turmas,

141 1282 296 1349 Victoris
308 1284 402 1348 stetit
412 1289 491 1347 ante
506 1282 625 1366 pedes.
649 1287 786 1347 servata
800 1283 954 1365 precanti
1075 1326 1078 1331 -
1183 1282 1252 1352 340

143 1394 324 1481 Majestas,
347 1414 417 1459 non
438 1395 549 1460 fracta
564 1395 677 1471 malis,
700 1396 853 1477 interque
873 1395 1021 1477 priorem

143 1505 341 1584 Fortunam,
365 1526 535 1590 casusque
550 1524 672 1581 novos,
696 1504 781 1588 gerit
795 1505 911 1569 omnia
923 1507 1019 1584 victi,

144 1617 215 1709 Sed
236 1619 346 1695 ducis,
370 1624 404 1682 et
416 1619 552 1682 veniam
567 1636 689 1682 securo
704 1621 844 1700 pectore
864 1618 990 1700 poscit

188 1729 227 1794 Si
243 1751 297 1794 me
320 1731 477 1813 degeneri
492 1730 692 1794 stravissent
706 1728 779 1792 fata
797 1729 861 1792 sub
879 1728 989 1807 hoste,

145 1844 229 1911 Non
243 1844 360 1910 deerat
378 1844 476 1908 fortis
486 1843 651 1927 rapiendo
674 1843 814 1907 dextera
835 1843 924 1906 leto:
1183 1847 1252 1913 845

144 1955 194 2021 At
207 1976 298 2020 nunc
310 1955 387 2019 sola
400 1955 483 2019 mihi
505 1960 558 2019 est
573 1954 711 2019 orandae
727 1972 835 2016 causa
856 1952 990 2030 salutis,

145 2067 298 2150 Dignum
313 2067 484 2142 donanda,
505 2064 637 2141 Cacsar,
660 2070 694 2128 te
710 2064 846 2129 credere
863 2064 947 2128 vita.

146 2177 229 2242 Non
243 2179 351 2262 partis
368 2178 490 2275 studiis
506 2178 648 2259 agimur,
671 2195 735 2240 nec
751 2175 963 2259 sumpsimus
976 2195 1072 2242 arma

147 2287 311 2353 Consiliis
325 2289 466 2352 inimica
480 2289 559 2352 tuis.
574 2307 639 2351 nos
655 2286 801 2370 denique
820 2285 948 2350 bellum

147 2399 284 2464 Invenit
299 2400 400 2464 civile
417 2400 541 2464 duces:
566 2395 751 2481 causaeque
766 2397 883 2482 priori,
1171 2402 1252 2469 ’350
1291 2470 1297 2478 ,

147 2539 197 2586 333
212 2553 281 2584 occur.
375 2539 424 2587 334
442 2537 523 2591 Qrtam.
598 2537 648 2582 335
664 2534 784 2594 depressus.
865 2536 914 2582 338
932 2533 1008 2583 Actor.
1101 2538 1152 2585 349
1167 2539 1249 2589 m

245 2605 293 2652 345
310 2604 462 2664 οιιρὶεηάο.Ι
522 2602 571 2651 346
587 2599 735 2657 cause,soio:
751 2613 929 2663 megimadum.
1036 2601 1085 2653 348
1099 2617 1153 2650 noa.

147 2717 243 2765 llurnins
261 2718 296 2766 eis
317 2719 448 2781 conspicue.
482 2718 522 2764 Sic
543 2716 614 2764 ovid.
633 2714 685 2762 Non
710 2715 825 2760 fortunam
844 2715 944 2776 priorem
962 2730 1097 2777 prosperam
1111 2719 1252 2779 etquelms

138 2783 213 2849 facile
220 2783 318 2830 esuriens
326 2786 395 2844 posita
403 2783 523 2831 retinebere
535 2797 617 2838 meuse,
631 2780 685 2827 For·
710 2780 839 2833 adversam,
855 2780 938 2828 retinet
960 2780 1104 2840 dignitatem,
1120 2789 1168 2830 tum
1185 2784 1252 2835 ducis

148 2849 176 2895 tis
187 2862 256 2908 equus
270 2849 321 2895 vise
331 2864 415 2909 semper
425 2848 529 2895 sultuna
540 2862 607 2909 eque.
626 2846 685 2892 Tum
711 2859 778 2904 quarn
790 2844 845 2890 victi
854 2845 947 2891 memor.

147 2912 325 2973 periphrastice,
340 2912 459 2975 Jep'rrnium
474 2913 551 2967 erade,
570 2910 632 2958 sitim
644 2927 686 2958 vo·
745 2910 800 2958 342.
818 2908 899 2955 Omnia
913 2911 975 2965 victi,
991 2908 1049 2973 δια]
1066 2911 1118 2958 Nec
1132 2911 1195 2962 inter
1211 2915 1251 2963 iss-

147 2983 192 3026 cet.
206 2984 229 3022 et
238 2977 328 3032 solvere,
337 2995 380 3040 pro
392 2978 482 3024 irritare
491 2993 531 3023 sen
540 2976 685 3022 labefactare.
711 2979 757 3019 tam
768 2975 881 3020 fortrrnam
893 2981 917 3020 et
927 2976 1057 3030 adversam,
1067 2976 1191 3039 quicqum
1200 2982 1251 3043 eju

148 3041 231 3102 Sulpit.
249 3039 352 3089 Heriem.
372 3042 464 3102 Quoque
476 3039 566 3104 megin]
585 3041 687 3101 thuod
711 3038 826 3097 majestati
837 3039 976 3086 diminutum
990 3045 1034 3094 est,
1051 3041 1093 3087 sed
1104 3043 1252 3094 omniuioti

147 3106 306 3152 vehementius
318 3106 381 3153 sitim
391 3105 481 3154 irritare
491 3112 579 3168 posset,
590 3105 687 3166 objectis
712 3102 779 3148 ducis
787 3118 835 3163 prae
847 3119 872 3149 se
885 3103 945 3161 tulit,
961 3105 1006 3151 lroe
1021 3112 1058 3154 est
1068 3106 1169 3155 officium
1185 3110 1254 3161 exhi·

147 3166 264 3233 potentias
273 3171 426 3218 moventibus.
713 3167 789 3214 hebet.
808 3165 911 3215 Heriem.

182 3238 237 3284 333.
257 3234 370 3297 Meroen]
390 3234 439 3282 Nili
459 3235 563 3282 insulam.
593 3234 688 3283 cancrt-
745 3233 801 3281 343.
819 3232 902 3281 Securo
910 3242 1000 3294 pectore
1006 3233 1096 3299 pascu]
1119 3237 1271 3299 lmpsvidts,'

148 3316 192 3361 que
208 3301 250 3348 sul>
271 3299 331 3362 ase]
353 3302 401 3348 Sub
420 3300 522 3362 'l'ropico
539 3300 629 3356 Cancri,
647 3300 687 3362 qui
712 3297 957 3360 inntrunquepsrato.

147 3363 215 3412 limes
226 3373 262 3412 est
270 3366 363 3413 torridae
374 3367 451 3413 Zonm
745 3364 801 3425 345,
819 3362 893 3410 Fortis
912 3364 1028 3425 rapiendo,
1044 3363 1102 3429 δια]
1123 3366 1178 3425 Qus
1194 3367 1253 3419 nihi

180 3433 237 3490 334.
256 3430 403 3487 Garamantes
413 3427 500 3491 oram]
518 3430 661 3490 Libyrepop.
712 3426 831 3474 honestam
842 3429 1065 3476 morteminserrem.
1159 3442 1163 3447 ·

181 3497 238 3552 337.
254 3480 308 3551 defi
326 3497 405 3547 domiti
423 3509 502 3543 cessere
523 3493 608 3556 demes]
625 3496 686 3542 Tan·
745 3493 801 3540 347.
820 3491 923 3556 Dignum
941 3494 1053 3550 mado,
1069 3492 1127 3558 dte]
1144 3496 1252 3554 Quodis

148 3560 202 3608 dem
215 3561 320 3612 omnibus
331 3562 400 3609 rebus
411 3559 508 3615 obsessi,
525 3567 629 3622 quartum
637 3561 685 3620 jam
711 3556 807 3616 dignum
818 3558 949 3606 existimem
968 3575 1036 3621 equo
1047 3560 1102 3608 vitre
1114 3561 1252 3621 benelloinn

148 3624 212 3672 diem
224 3625 273 3672 sine
283 3627 367 3687 pabulo
378 3626 473 3673 retentis
484 3625 604 3685 jumentis,
621 3640 685 3686 adure
711 3621 830 3683 accipiam.

146 3689 207 3755 ligni
222 3697 247 3735 et
261 3691 369 3749 frumenti
386 3690 472 3762 inopis,
488 3689 627 3751 colloquium
646 3705 687 3750 pe-
743 3689 799 3737 348.
819 3685 871 3734 Non
886 3689 959 3749 portis
976 3687 1057 3736 studiis
1074 3691 1175 3755 agimur,
1192 3690 1251 3757 Sep]

148 3762 209 3814 tunt.
228 3762 251 3800 et
260 3755 283 3807 id
296 3756 315 3800 si
326 3756 376 3802 lieri
386 3755 469 3820 possit,
487 3764 574 3802 semoto
586 3753 685 3800 amiliti·
710 3751 764 3798 Non
776 3753 849 3801 secuti
861 3769 939 3800 sumus
949 3760 1034 3814 partes,
1051 3762 1091 3801 snt
1102 3756 1252 3819 Pompeiam

147 3820 192 3866 bus
211 3819 270 3873 loco,
288 3820 328 3874 ubi
344 3821 370 3867 id
389 3837 402 3867 a
421 3820 512 3878 Cessare
529 3826 644 3879 negatum,
661 3826 685 3867 et
710 3817 816 3864 factionis
834 3818 913 3865 studio
933 3834 996 3866 erma
1010 3819 1123 3868 aduersus
1135 3826 1160 3868 ts
1174 3820 1252 3879 istst·

146 3883 224 3947 palum
235 3885 255 3929 si
266 3885 367 3946 colloqui
376 3887 471 3940 vellent,
487 3900 622 3942 eoncessum
634 3891 683 3931 est:
710 3897 761 3929 mus
780 3889 835 3944 post
853 3890 941 3929 motum
960 3884 1005 3931 hoc
1024 3883 1124 3932 bellurn:
1142 3887 1185 3935 sed
1200 3888 1252 3949 im

147 3950 216 3996 datur
228 3949 318 3996 obsidis
334 3950 387 3997 loeo
404 3951 465 3998 lilius
480 3949 575 4002 Afranii.
593 3949 684 4001 venitur
710 3954 827 3994 antecum
846 3964 949 3996 essemus
968 3949 1075 4009 Pompeii
1092 3950 1174 4009 duces,
1189 3951 1266 4015 legs·-
1311 3986 1315 3993 .

146 4014 259 4062 inlocum
278 4031 346 4074 quem
363 4015 442 4062 Caesar
461 4015 558 4077 deligit:
577 4014 684 4073 audiente
710 4012 780 4058 tionis
791 4014 887 4069 muneri,
905 4013 1056 4074 quantumin
1073 4015 1141 4063 uobis
1158 4024 1209 4064 erat
1226 4008 1253 4065 ei

146 4086 244 4141 utroque
264 4079 378 4134 exercitu,
394 4080 495 4140 loquitur
505 4079 621 4134 Afranius,
640 4077 683 4128 Sec.
711 4079 786 4137 quoad
796 4078 870 4133 licuit,
887 4078 956 4125 fidem
971 4079 1127 4142 prestitimus,
1144 4081 1251 4139 sedium

147 4143 275 4192 Comment.
288 4144 317 4189 de
329 4144 389 4190 bello
400 4144 445 4191 civ.
457 4149 478 4191 1.
710 4141 779 4190 modo
791 4144 837 4190 diis
847 4150 871 4190 et
883 4139 1016 4191 necessitati
1027 4144 1099 4202 fudi,
1114 4160 1190 4206 neque
1199 4162 1250 4205 mo·

179 4211 235 4257 338.
255 4208 382 4266 Damnatis,
400 4207 457 4271 dra]
475 4208 685 4270 AbJectis,impr9-
710 4223 759 4254 ram
781 4208 896 4269 injicimus
917 4209 1036 4266 Fortuuae,
1061 4226 1107 4273 quo
1128 4211 1205 4271 minus
1224 4219 1250 4261 ts

146 4275 246 4334 bstoqne
257 4273 327 4320 bello.
711 4272 795 4320 evehat
805 4290 851 4335 quo
863 4281 887 4320 te
895 4273 943 4320 ista
953 4280 1043 4322 vocant.
1235 4278 1239 4287 '

178 4341 236 4401 340.
253 4339 346 4387 Soanta
358 4339 469 4399 precanti,
485 4335 542 4400 &c.]
560 4338 686 4398 Utcunque
743 4339 799 4388 349.
819 4336 1094 4401 Gmuiliisioimiestais]
1104 4338 1163 4389 'l'uis
1170 4340 1252 4399 robes,

146 4403 254 4470 supplex,
275 4404 375 4453 mediam
397 4411 473 4452 tamen
492 4403 605 4465 quandem
624 4401 685 4451 inter
711 4403 1033 4466 ruaedigniutisdvsnmus
1051 4401 1151 4457 omem
1177 4430 1181 4437 ·
