<?xml version="1.0" encoding="UTF-8"?>
<!DOCTYPE html PUBLIC "-//W3C//DTD XHTML 1.0 Transitional//EN"
    "http://www.w3.org/TR/xhtml1/DTD/xhtml1-transitional.dtd">
<html xmlns="http://www.w3.org/1999/xhtml" xml:lang="en" lang="en">
 <head>
  <title>
</title>
<meta http-equiv="Content-Type" content="text/html;charset=utf-8" />
  <meta name='ocr-system' content='tesseract 3.04.00' />
  <meta name='ocr-capabilities' content='ocr_page ocr_carea ocr_par ocr_line ocrx_word'/>
</head>
<body>
  <div class='ocr_page' id='page_1' title='image "./mannaeuslucanus00grotgoog/mannaeuslucanus00grotgoog_0113.png"; bbox 0 0 2784 4860; ppageno 0'>
   <div class='ocr_carea' id='block_1_1' title="bbox 136 298 1041 434">
    <p class='ocr_par' dir='ltr' id='par_1_1' title="bbox 136 298 1041 434">
     <span class='ocr_line' id='line_1_1' title="bbox 136 298 1041 434; baseline -0.033 -3"><span class='ocrx_word' id='word_1_1' title='bbox 136 361 183 434; x_wconf 83' lang='lat' dir='ltr'>os</span> <span class='ocrx_word' id='word_1_2' title='bbox 407 351 483 426; x_wconf 67' lang='grc' dir='ltr'>Μ..</span> <span class='ocrx_word' id='word_1_3' title='bbox 505 345 709 416; x_wconf 81' lang='lat' dir='ltr'>ANNAEI</span> <span class='ocrx_word' id='word_1_4' title='bbox 753 298 977 410; x_wconf 65' lang='lat' dir='ltr'>cuccur-</span> <span class='ocrx_word' id='word_1_5' title='bbox 1037 392 1041 397; x_wconf 91' lang='lat'><em>.</em></span> 
     </span>
    </p>
   </div>
   <div class='ocr_carea' id='block_1_2' title="bbox 140 519 1264 2596">
    <p class='ocr_par' dir='ltr' id='par_1_2' title="bbox 140 519 943 607">
     <span class='ocr_line' id='line_1_2' title="bbox 140 519 943 607; baseline -0.02 -11"><span class='ocrx_word' id='word_1_6' title='bbox 140 528 306 604; x_wconf 89' lang='lat' dir='ltr'>Obstruit,</span> <span class='ocrx_word' id='word_1_7' title='bbox 322 531 357 591; x_wconf 91' lang='lat' dir='ltr'>et</span> <span class='ocrx_word' id='word_1_8' title='bbox 374 526 481 590; x_wconf 88' lang='lat' dir='ltr'>latum</span> <span class='ocrx_word' id='word_1_9' title='bbox 497 521 640 607; x_wconf 87' lang='lat' dir='ltr'>dejectis</span> <span class='ocrx_word' id='word_1_10' title='bbox 654 519 798 602; x_wconf 79' lang='lat' dir='ltr'>rupibus</span> <span class='ocrx_word' id='word_1_11' title='bbox 813 535 943 600; x_wconf 73' lang='lat' dir='ltr'>aequor.</span> 
     </span>
    </p>

    <p class='ocr_par' dir='ltr' id='par_1_3' title="bbox 141 627 1069 708">
     <span class='ocr_line' id='line_1_3' title="bbox 141 627 1069 708; baseline -0.023 -1"><span class='ocrx_word' id='word_1_12' title='bbox 141 640 243 706; x_wconf 86' lang='lat' dir='ltr'>Cedit</span> <span class='ocrx_word' id='word_1_13' title='bbox 256 641 292 704; x_wconf 89' lang='lat' dir='ltr'>in</span> <span class='ocrx_word' id='word_1_14' title='bbox 312 630 514 703; x_wconf 89' lang='lat' dir='ltr'>immensum</span> <span class='ocrx_word' id='word_1_15' title='bbox 530 636 651 698; x_wconf 84' lang='lat' dir='ltr'>&#39;cassus</span> <span class='ocrx_word' id='word_1_16' title='bbox 670 630 787 694; x_wconf 90' lang='lat' dir='ltr'>labor:</span> <span class='ocrx_word' id='word_1_17' title='bbox 811 627 926 690; x_wconf 85' lang='lat' dir='ltr'>omnia</span> <span class='ocrx_word' id='word_1_18' title='bbox 942 628 1069 708; x_wconf 86' lang='lat' dir='ltr'>pontus</span> 
     </span>
    </p>

    <p class='ocr_par' dir='ltr' id='par_1_4' title="bbox 144 734 1179 821">
     <span class='ocr_line' id='line_1_4' title="bbox 144 734 1179 821; baseline -0.022 -3"><span class='ocrx_word' id='word_1_19' title='bbox 144 750 272 817; x_wconf 81' lang='lat' dir='ltr'>Haurit</span> <span class='ocrx_word' id='word_1_20' title='bbox 286 767 374 812; x_wconf 79' lang='lat' dir='ltr'>saxa</span> <span class='ocrx_word' id='word_1_21' title='bbox 386 765 506 821; x_wconf 83' lang='lat' dir='ltr'>vorax,</span> <span class='ocrx_word' id='word_1_22' title='bbox 522 747 723 820; x_wconf 85' lang='lat' dir='ltr'><strong>montesque</strong></span> <span class='ocrx_word' id='word_1_23' title='bbox 737 737 908 799; x_wconf 85' lang='lat' dir='ltr'><strong>immiscet</strong></span> <span class='ocrx_word' id='word_1_24' title='bbox 921 734 1054 798; x_wconf 84' lang='lat' dir='ltr'>arenis:</span> <span class='ocrx_word' id='word_1_25' title='bbox 1176 790 1179 795; x_wconf 90' lang='lat'>.</span> 
     </span>
    </p>

    <p class='ocr_par' dir='ltr' id='par_1_5' title="bbox 144 841 1250 938">
     <span class='ocr_line' id='line_1_5' title="bbox 144 841 1250 938; baseline -0.027 -12"><span class='ocrx_word' id='word_1_26' title='bbox 144 861 194 928; x_wconf 90' lang='lat' dir='ltr'>Ut</span> <span class='ocrx_word' id='word_1_27' title='bbox 207 860 311 924; x_wconf 89' lang='lat' dir='ltr'>maris</span> <span class='ocrx_word' id='word_1_28' title='bbox 326 857 439 938; x_wconf 86' lang='lat' dir='ltr'>AEgaei</span> <span class='ocrx_word' id='word_1_29' title='bbox 453 853 584 917; x_wconf 87' lang='lat' dir='ltr'>medias</span> <span class='ocrx_word' id='word_1_30' title='bbox 600 849 630 913; x_wconf 91' lang='lat' dir='ltr'>si</span> <span class='ocrx_word' id='word_1_31' title='bbox 645 848 758 911; x_wconf 86' lang='lat' dir='ltr'>celsus</span> <span class='ocrx_word' id='word_1_32' title='bbox 773 843 932 908; x_wconf 78' lang='lat' dir='ltr'>inundes</span> <span class='ocrx_word' id='word_1_33' title='bbox 1179 841 1250 909; x_wconf 74' lang='grc'>665</span> 
     </span>
    </p>

    <p class='ocr_par' dir='ltr' id='par_1_6' title="bbox 145 963 986 1055">
     <span class='ocr_line' id='line_1_6' title="bbox 145 963 986 1055; baseline -0.021 -18"><span class='ocrx_word' id='word_1_34' title='bbox 145 971 346 1055; x_wconf 84' lang='lat' dir='ltr'>Depellatur</span> <span class='ocrx_word' id='word_1_35' title='bbox 362 966 466 1049; x_wconf 88' lang='lat' dir='ltr'>Eryx,</span> <span class='ocrx_word' id='word_1_36' title='bbox 480 963 584 1028; x_wconf 84' lang='lat' dir='ltr'>nullae</span> <span class='ocrx_word' id='word_1_37' title='bbox 599 964 713 1024; x_wconf 87' lang='lat' dir='ltr'>tamen</span> <span class='ocrx_word' id='word_1_38' title='bbox 727 975 865 1039; x_wconf 84' lang='lat' dir='ltr'>aequore</span> <span class='ocrx_word' id='word_1_39' title='bbox 883 973 986 1038; x_wconf 87' lang='lat' dir='ltr'>mpes</span> 
     </span>
    </p>

    <p class='ocr_par' dir='ltr' id='par_1_7' title="bbox 146 1065 1017 1154">
     <span class='ocr_line' id='line_1_7' title="bbox 146 1065 1017 1154; baseline -0.022 -7"><span class='ocrx_word' id='word_1_40' title='bbox 146 1083 337 1154; x_wconf 88' lang='lat' dir='ltr'>Emineant,</span> <span class='ocrx_word' id='word_1_41' title='bbox 350 1077 409 1140; x_wconf 79' lang='lat' dir='ltr'>vel</span> <span class='ocrx_word' id='word_1_42' title='bbox 425 1077 455 1140; x_wconf 88' lang='lat' dir='ltr'>si</span> <span class='ocrx_word' id='word_1_43' title='bbox 477 1068 783 1139; x_wconf 85' lang='lat' dir='ltr'>convulso.vertice</span> <span class='ocrx_word' id='word_1_44' title='bbox 799 1065 937 1130; x_wconf 82' lang='lat' dir='ltr'>Gaurus</span> <span class='ocrx_word' id='word_1_45' title='bbox 1013 1108 1017 1113; x_wconf 92' lang='lat'>-</span> 
     </span>
    </p>

    <p class='ocr_par' dir='ltr' id='par_1_8' title="bbox 148 1174 1030 1269">
     <span class='ocr_line' id='line_1_8' title="bbox 148 1174 1030 1269; baseline -0.02 -11"><span class='ocrx_word' id='word_1_46' title='bbox 148 1191 299 1260; x_wconf 82' lang='lat' dir='ltr'>Decidat</span> <span class='ocrx_word' id='word_1_47' title='bbox 313 1191 349 1252; x_wconf 88' lang='lat' dir='ltr'>in</span> <span class='ocrx_word' id='word_1_48' title='bbox 369 1188 510 1252; x_wconf 86' lang='lat' dir='ltr'>fundum</span> <span class='ocrx_word' id='word_1_49' title='bbox 525 1183 661 1269; x_wconf 86' lang='lat' dir='ltr'>penitus</span> <span class='ocrx_word' id='word_1_50' title='bbox 688 1178 876 1260; x_wconf 79' lang='lat' dir='ltr'>stagnantis</span> <span class='ocrx_word' id='word_1_51' title='bbox 890 1174 1030 1242; x_wconf 85' lang='lat' dir='ltr'>Averni.</span> 
     </span>
    </p>

    <p class='ocr_par' dir='ltr' id='par_1_9' title="bbox 149 1287 1032 1386">
     <span class='ocr_line' id='line_1_9' title="bbox 149 1287 1032 1386; baseline -0.018 -18"><span class='ocrx_word' id='word_1_52' title='bbox 149 1303 240 1386; x_wconf 85' lang='lat' dir='ltr'>Ergo</span> <span class='ocrx_word' id='word_1_53' title='bbox 255 1301 315 1372; x_wconf 91' lang='lat' dir='ltr'>ubi</span> <span class='ocrx_word' id='word_1_54' title='bbox 328 1299 423 1364; x_wconf 89' lang='lat' dir='ltr'>nulla</span> <span class='ocrx_word' id='word_1_55' title='bbox 436 1297 528 1371; x_wconf 78' lang='lat' dir='ltr'>uado</span> <span class='ocrx_word' id='word_1_56' title='bbox 541 1292 651 1359; x_wconf 89' lang='lat' dir='ltr'>tenuit</span> <span class='ocrx_word' id='word_1_57' title='bbox 663 1310 728 1354; x_wconf 86' lang='lat' dir='ltr'>sua</span> <span class='ocrx_word' id='word_1_58' title='bbox 741 1288 894 1373; x_wconf 90' lang='lat' dir='ltr'>pondera</span> <span class='ocrx_word' id='word_1_59' title='bbox 910 1287 1032 1364; x_wconf 83' lang='lat' dir='ltr'>moles,</span> 
     </span>
    </p>

    <p class='ocr_par' dir='ltr' id='par_1_10' title="bbox 149 1395 1255 1495">
     <span class='ocr_line' id='line_1_10' title="bbox 149 1395 1255 1495; baseline -0.015 -18"><span class='ocrx_word' id='word_1_60' title='bbox 149 1413 247 1478; x_wconf 79' lang='lat' dir='ltr'>&#39;lunc</span> <span class='ocrx_word' id='word_1_61' title='bbox 264 1410 395 1495; x_wconf 85' lang='lat' dir='ltr'>placuit</span> <span class='ocrx_word' id='word_1_62' title='bbox 411 1407 513 1473; x_wconf 83' lang='lat' dir='ltr'>eaesis</span> <span class='ocrx_word' id='word_1_63' title='bbox 528 1408 698 1472; x_wconf 81' lang='lat' dir='ltr'>innectere</span> <span class='ocrx_word' id='word_1_64' title='bbox 713 1401 852 1466; x_wconf 85' lang='lat' dir='ltr'>vincula</span> <span class='ocrx_word' id='word_1_65' title='bbox 866 1399 975 1477; x_wconf 85' lang='lat' dir='ltr'>silvis,</span> <span class='ocrx_word' id='word_1_66' title='bbox 1184 1395 1255 1463; x_wconf 80' lang='grc'>676</span> 
     </span>
    </p>

    <p class='ocr_par' dir='ltr' id='par_1_11' title="bbox 151 1511 947 1604">
     <span class='ocr_line' id='line_1_11' title="bbox 151 1511 947 1604; baseline -0.015 -17"><span class='ocrx_word' id='word_1_67' title='bbox 151 1521 361 1604; x_wconf 86' lang='lat' dir='ltr'>Roboraque</span> <span class='ocrx_word' id='word_1_68' title='bbox 376 1519 551 1583; x_wconf 85' lang='lat' dir='ltr'>immensis</span> <span class='ocrx_word' id='word_1_69' title='bbox 565 1517 633 1581; x_wconf 90' lang='lat' dir='ltr'>late</span> <span class='ocrx_word' id='word_1_70' title='bbox 647 1515 790 1596; x_wconf 86' lang='lat' dir='ltr'>religare</span> <span class='ocrx_word' id='word_1_71' title='bbox 806 1511 947 1577; x_wconf 88' lang='lat' dir='ltr'>catenis.</span> 
     </span>
    </p>

    <p class='ocr_par' dir='ltr' id='par_1_12' title="bbox 151 1619 1101 1710">
     <span class='ocr_line' id='line_1_12' title="bbox 151 1619 1101 1710; baseline -0.017 -11"><span class='ocrx_word' id='word_1_72' title='bbox 151 1633 257 1699; x_wconf 87' lang='lat' dir='ltr'>Tales</span> <span class='ocrx_word' id='word_1_73' title='bbox 273 1632 366 1697; x_wconf 85' lang='lat' dir='ltr'>fama</span> <span class='ocrx_word' id='word_1_74' title='bbox 381 1631 474 1695; x_wconf 89' lang='lat' dir='ltr'>canit</span> <span class='ocrx_word' id='word_1_75' title='bbox 487 1629 653 1694; x_wconf 90' lang='lat' dir='ltr'>tumidum</span> <span class='ocrx_word' id='word_1_76' title='bbox 669 1646 771 1710; x_wconf 90' lang='lat' dir='ltr'>super</span> <span class='ocrx_word' id='word_1_77' title='bbox 787 1642 928 1707; x_wconf 88' lang='lat' dir='ltr'>aequora</span> <span class='ocrx_word' id='word_1_78' title='bbox 942 1619 1101 1685; x_wconf 84' lang='lat' dir='ltr'>Xerxem</span> 
     </span>
    </p>

    <p class='ocr_par' dir='ltr' id='par_1_13' title="bbox 154 1721 1125 1820">
     <span class='ocr_line' id='line_1_13' title="bbox 154 1721 1125 1820; baseline -0.018 -11"><span class='ocrx_word' id='word_1_79' title='bbox 154 1744 396 1810; x_wconf 80' lang='lat' dir='ltr'>Construxisse</span> <span class='ocrx_word' id='word_1_80' title='bbox 410 1744 499 1818; x_wconf 83' lang='lat' dir='ltr'>vias,</span> <span class='ocrx_word' id='word_1_81' title='bbox 514 1721 656 1805; x_wconf 86' lang='lat' dir='ltr'>multum</span> <span class='ocrx_word' id='word_1_82' title='bbox 672 1759 750 1802; x_wconf 91' lang='lat' dir='ltr'>cum</span> <span class='ocrx_word' id='word_1_83' title='bbox 764 1736 926 1820; x_wconf 87' lang='lat' dir='ltr'>pontibus</span> <span class='ocrx_word' id='word_1_84' title='bbox 941 1749 1058 1807; x_wconf 85' lang='lat' dir='ltr'>ausrrs,</span> <span class='ocrx_word' id='word_1_85' title='bbox 1120 1758 1125 1769; x_wconf 86' lang='lat'><em>·</em></span> 
     </span>
    </p>

    <p class='ocr_par' dir='ltr' id='par_1_14' title="bbox 155 1841 1047 1937">
     <span class='ocr_line' id='line_1_14' title="bbox 155 1841 1047 1937; baseline -0.016 -18"><span class='ocrx_word' id='word_1_86' title='bbox 155 1854 397 1937; x_wconf 84' lang='lat' dir='ltr'>Europamque</span> <span class='ocrx_word' id='word_1_87' title='bbox 412 1851 520 1928; x_wconf 87' lang='lat' dir='ltr'>Asiae,</span> <span class='ocrx_word' id='word_1_88' title='bbox 537 1851 728 1932; x_wconf 87' lang='lat' dir='ltr'>Sestonque</span> <span class='ocrx_word' id='word_1_89' title='bbox 743 1844 897 1910; x_wconf 86' lang='lat' dir='ltr'>admovit</span> <span class='ocrx_word' id='word_1_90' title='bbox 909 1841 1047 1926; x_wconf 79' lang='lat' dir='ltr'>Abydo,</span> 
     </span>
    </p>

    <p class='ocr_par' dir='ltr' id='par_1_15' title="bbox 155 1953 1258 2046">
     <span class='ocr_line' id='line_1_15' title="bbox 155 1953 1258 2046; baseline -0.01 -16"><span class='ocrx_word' id='word_1_91' title='bbox 155 1965 370 2046; x_wconf 90' lang='lat' dir='ltr'>Incessitque</span> <span class='ocrx_word' id='word_1_92' title='bbox 385 1963 506 2038; x_wconf 85' lang='lat' dir='ltr'>fretum</span> <span class='ocrx_word' id='word_1_93' title='bbox 520 1961 633 2044; x_wconf 89' lang='lat' dir='ltr'>rapidi</span> <span class='ocrx_word' id='word_1_94' title='bbox 647 1979 750 2042; x_wconf 90' lang='lat' dir='ltr'>super</span> <span class='ocrx_word' id='word_1_95' title='bbox 765 1955 994 2038; x_wconf 88' lang='lat' dir='ltr'>Hellesponti,</span> <span class='ocrx_word' id='word_1_96' title='bbox 1189 1953 1258 2020; x_wconf 83' lang='grc'>676</span> 
     </span>
    </p>

    <p class='ocr_par' dir='ltr' id='par_1_16' title="bbox 157 2064 1207 2154">
     <span class='ocr_line' id='line_1_16' title="bbox 157 2064 1207 2154; baseline -0.01 -14"><span class='ocrx_word' id='word_1_97' title='bbox 157 2075 239 2140; x_wconf 91' lang='lat' dir='ltr'>Non</span> <span class='ocrx_word' id='word_1_98' title='bbox 255 2073 392 2149; x_wconf 88' lang='lat' dir='ltr'>Eurum,</span> <span class='ocrx_word' id='word_1_99' title='bbox 410 2071 671 2154; x_wconf 83' lang='lat' dir='ltr'>Zephyrumque</span> <span class='ocrx_word' id='word_1_100' title='bbox 686 2070 828 2133; x_wconf 85' lang='lat' dir='ltr'>timens:</span> <span class='ocrx_word' id='word_1_101' title='bbox 852 2086 930 2132; x_wconf 91' lang='lat' dir='ltr'>cum</span> <span class='ocrx_word' id='word_1_102' title='bbox 943 2064 1033 2144; x_wconf 89' lang='lat' dir='ltr'>vela,</span> <span class='ocrx_word' id='word_1_103' title='bbox 1048 2071 1207 2149; x_wconf 89' lang='lat' dir='ltr'>ratesque</span> 
     </span>
    </p>

    <p class='ocr_par' dir='ltr' id='par_1_17' title="bbox 158 2175 984 2262">
     <span class='ocr_line' id='line_1_17' title="bbox 158 2175 984 2262; baseline -0.011 -12"><span class='ocrx_word' id='word_1_104' title='bbox 158 2185 201 2251; x_wconf 92' lang='lat' dir='ltr'>In</span> <span class='ocrx_word' id='word_1_105' title='bbox 217 2184 365 2247; x_wconf 90' lang='lat' dir='ltr'>medium</span> <span class='ocrx_word' id='word_1_106' title='bbox 381 2181 525 2245; x_wconf 85' lang='lat' dir='ltr'>deferret</span> <span class='ocrx_word' id='word_1_107' title='bbox 538 2179 664 2243; x_wconf 85' lang='lat' dir='ltr'>Athon.</span> <span class='ocrx_word' id='word_1_108' title='bbox 681 2179 732 2244; x_wconf 90' lang='lat' dir='ltr'>sic</span> <span class='ocrx_word' id='word_1_109' title='bbox 749 2198 810 2243; x_wconf 90' lang='lat' dir='ltr'>ora</span> <span class='ocrx_word' id='word_1_110' title='bbox 824 2175 984 2262; x_wconf 83' lang='lat' dir='ltr'>profundi</span> 
     </span>
    </p>

    <p class='ocr_par' dir='ltr' id='par_1_18' title="bbox 157 2288 1011 2374">
     <span class='ocr_line' id='line_1_18' title="bbox 157 2288 1011 2374; baseline -0.008 -15"><span class='ocrx_word' id='word_1_111' title='bbox 157 2293 340 2358; x_wconf 84' lang='lat' dir='ltr'>Arctantur</span> <span class='ocrx_word' id='word_1_112' title='bbox 357 2312 440 2356; x_wconf 87' lang='lat' dir='ltr'>casu</span> <span class='ocrx_word' id='word_1_113' title='bbox 454 2309 649 2356; x_wconf 91' lang='lat' dir='ltr'>nemorum:</span> <span class='ocrx_word' id='word_1_114' title='bbox 671 2294 751 2353; x_wconf 89' lang='lat' dir='ltr'>tunc</span> <span class='ocrx_word' id='word_1_115' title='bbox 768 2308 889 2374; x_wconf 83' lang='lat' dir='ltr'>aggere</span> <span class='ocrx_word' id='word_1_116' title='bbox 904 2288 1011 2353; x_wconf 83' lang='lat' dir='ltr'>multo</span> 
     </span>
    </p>

    <p class='ocr_par' dir='ltr' id='par_1_19' title="bbox 158 2403 1264 2596">
     <span class='ocr_line' id='line_1_19' title="bbox 158 2403 1143 2486; baseline -0.004 -18"><span class='ocrx_word' id='word_1_117' title='bbox 158 2403 272 2485; x_wconf 87' lang='lat' dir='ltr'>Surgit</span> <span class='ocrx_word' id='word_1_118' title='bbox 287 2422 386 2486; x_wconf 65' lang='lat' dir='ltr'>opus</span> <span class='ocrx_word' id='word_1_119' title='bbox 402 2403 581 2485; x_wconf 82' lang='lat' dir='ltr'>longaeque</span> <span class='ocrx_word' id='word_1_120' title='bbox 595 2405 739 2465; x_wconf 90' lang='lat' dir='ltr'>tremunt</span> <span class='ocrx_word' id='word_1_121' title='bbox 754 2420 857 2484; x_wconf 91' lang='lat' dir='ltr'>super</span> <span class='ocrx_word' id='word_1_122' title='bbox 871 2417 1011 2483; x_wconf 86' lang='lat' dir='ltr'>aequora</span> <span class='ocrx_word' id='word_1_123' title='bbox 1024 2403 1143 2464; x_wconf 89' lang='lat' dir='ltr'>turres.</span> 
     </span>
     <span class='ocr_line' id='line_1_20' title="bbox 203 2507 1264 2596; baseline -0.002 -19"><span class='ocrx_word' id='word_1_124' title='bbox 203 2513 390 2596; x_wconf 91' lang='lat' dir='ltr'>Pompeius</span> <span class='ocrx_word' id='word_1_125' title='bbox 406 2513 524 2576; x_wconf 88' lang='lat' dir='ltr'>tellure</span> <span class='ocrx_word' id='word_1_126' title='bbox 539 2531 630 2587; x_wconf 87' lang='lat' dir='ltr'>nova</span> <span class='ocrx_word' id='word_1_127' title='bbox 645 2530 843 2596; x_wconf 89' lang='lat' dir='ltr'>compressa</span> <span class='ocrx_word' id='word_1_128' title='bbox 856 2509 1017 2594; x_wconf 85' lang='lat' dir='ltr'>profundi</span> <span class='ocrx_word' id='word_1_129' title='bbox 1194 2507 1264 2575; x_wconf 78' lang='lat'>680</span> 
     </span>
    </p>
   </div>
   <div class='ocr_carea' id='block_1_3' title="bbox 179 2676 1305 2826">
    <p class='ocr_par' dir='ltr' id='par_1_20' title="bbox 179 2676 1305 2826">
     <span class='ocr_line' id='line_1_21' title="bbox 179 2676 1305 2758; baseline -0.007 -7"><span class='ocrx_word' id='word_1_130' title='bbox 179 2698 328 2756; x_wconf 63' lang='lat' dir='ltr'>coronae.</span> <span class='ocrx_word' id='word_1_131' title='bbox 438 2697 651 2747; x_wconf 67' lang='lat' dir='ltr'>secretas-ber.</span> <span class='ocrx_word' id='word_1_132' title='bbox 758 2697 963 2758; x_wconf 71' lang='lat' dir='ltr'>erocemptcnu</span> <span class='ocrx_word' id='word_1_133' title='bbox 1056 2676 1244 2749; x_wconf 63' lang='grc' dir='ltr'>’σηὺηωηιᾱι</span> <span class='ocrx_word' id='word_1_134' title='bbox 1302 2699 1305 2702; x_wconf 49' lang='lat'><strong><em>⁴</em></strong></span> 
     </span>
     <span class='ocr_line' id='line_1_22' title="bbox 227 2760 1194 2826; baseline -0.002 -16"><span class='ocrx_word' id='word_1_135' title='bbox 227 2767 276 2824; x_wconf 70' lang='lat'>§73</span> <span class='ocrx_word' id='word_1_136' title='bbox 289 2763 439 2812; x_wconf 78' lang='lat' dir='ltr'>Corntituisse.</span> <span class='ocrx_word' id='word_1_137' title='bbox 489 2765 537 2819; x_wconf 86' lang='grc'>675</span> <span class='ocrx_word' id='word_1_138' title='bbox 549 2763 618 2811; x_wconf 82' lang='lat' dir='ltr'>Ponti</span> <span class='ocrx_word' id='word_1_139' title='bbox 627 2777 696 2825; x_wconf 80' lang='lat' dir='ltr'>super</span> <span class='ocrx_word' id='word_1_140' title='bbox 710 2762 794 2810; x_wconf 76' lang='lat' dir='ltr'>Helles.</span> <span class='ocrx_word' id='word_1_141' title='bbox 836 2764 883 2811; x_wconf 87' lang='grc'>677</span> <span class='ocrx_word' id='word_1_142' title='bbox 895 2760 1004 2826; x_wconf 69' lang='lat' dir='ltr'>differret.</span> <span class='ocrx_word' id='word_1_143' title='bbox 1048 2765 1097 2812; x_wconf 85' lang='grc'>678</span> <span class='ocrx_word' id='word_1_144' title='bbox 1106 2775 1194 2824; x_wconf 73' lang='lat' dir='ltr'>magne.</span> 
     </span>
    </p>
   </div>
   <div class='ocr_carea' id='block_1_4' title="bbox 127 2913 1308 4461">
    <p class='ocr_par' dir='ltr' id='par_1_21' title="bbox 127 2913 1308 4461">
     <span class='ocr_line' id='line_1_23' title="bbox 164 2913 922 2976; baseline 0.001 -15"><span class='ocrx_word' id='word_1_145' title='bbox 164 2924 246 2976; x_wconf 86' lang='lat' dir='ltr'>portus</span> <span class='ocrx_word' id='word_1_146' title='bbox 255 2922 320 2960; x_wconf 83' lang='lat' dir='ltr'>erant</span> <span class='ocrx_word' id='word_1_147' title='bbox 327 2915 501 2976; x_wconf 77' lang='lat' dir='ltr'>ungustlsslmrc,</span> <span class='ocrx_word' id='word_1_148' title='bbox 509 2913 592 2964; x_wconf 87' lang='lat' dir='ltr'>molem</span> <span class='ocrx_word' id='word_1_149' title='bbox 600 2917 630 2963; x_wconf 79' lang='lat' dir='ltr'>ab</span> <span class='ocrx_word' id='word_1_150' title='bbox 638 2922 701 2964; x_wconf 82' lang='lat' dir='ltr'>utra·</span> <span class='ocrx_word' id='word_1_151' title='bbox 727 2913 804 2963; x_wconf 87' lang='lat' dir='ltr'>choris</span> <span class='ocrx_word' id='word_1_152' title='bbox 815 2915 922 2962; x_wconf 78' lang='lat' dir='ltr'>tirumtas.</span> 
     </span>
     <span class='ocr_line' id='line_1_24' title="bbox 165 2974 1267 3043; baseline 0 -19"><span class='ocrx_word' id='word_1_153' title='bbox 165 2994 210 3040; x_wconf 88' lang='lat' dir='ltr'>que</span> <span class='ocrx_word' id='word_1_154' title='bbox 221 2986 286 3038; x_wconf 78' lang='lat' dir='ltr'>perte</span> <span class='ocrx_word' id='word_1_155' title='bbox 294 2979 370 3032; x_wconf 80' lang='lat' dir='ltr'>litoris</span> <span class='ocrx_word' id='word_1_156' title='bbox 380 2979 402 3024; x_wconf 91' lang='lat' dir='ltr'>in</span> <span class='ocrx_word' id='word_1_157' title='bbox 410 2981 469 3026; x_wconf 87' lang='lat' dir='ltr'>vado</span> <span class='ocrx_word' id='word_1_158' title='bbox 475 2981 581 3039; x_wconf 76' lang='lat' dir='ltr'>jaciebat.</span> <span class='ocrx_word' id='word_1_159' title='bbox 593 2997 702 3042; x_wconf 82' lang='lat' dir='ltr'>quovsrn</span> <span class='ocrx_word' id='word_1_160' title='bbox 761 2983 816 3028; x_wconf 77' lang='lat'>672.</span> <span class='ocrx_word' id='word_1_161' title='bbox 835 2979 898 3027; x_wconf 81' lang='lat' dir='ltr'>Tales</span> <span class='ocrx_word' id='word_1_162' title='bbox 908 2978 977 3043; x_wconf 80' lang='lat' dir='ltr'>famo</span> <span class='ocrx_word' id='word_1_163' title='bbox 992 2975 1133 3039; x_wconf 55' lang='lat' dir='ltr'>annitius]</span> <span class='ocrx_word' id='word_1_164' title='bbox 1158 2974 1267 3034; x_wconf 69' lang='lat' dir='ltr'>Qualiter</span> 
     </span>
     <span class='ocr_line' id='line_1_25' title="bbox 165 3040 1268 3106; baseline -0.003 -16"><span class='ocrx_word' id='word_1_165' title='bbox 165 3058 244 3104; x_wconf 76' lang='lat' dir='ltr'>agger,</span> <span class='ocrx_word' id='word_1_166' title='bbox 254 3050 347 3103; x_wconf 88' lang='lat' dir='ltr'>propter</span> <span class='ocrx_word' id='word_1_167' title='bbox 358 3043 502 3092; x_wconf 83' lang='lat' dir='ltr'>altitudinem</span> <span class='ocrx_word' id='word_1_168' title='bbox 514 3059 579 3104; x_wconf 73' lang='lat' dir='ltr'>cquae</span> <span class='ocrx_word' id='word_1_169' title='bbox 591 3046 703 3092; x_wconf 85' lang='lat' dir='ltr'>contineri</span> <span class='ocrx_word' id='word_1_170' title='bbox 728 3047 823 3094; x_wconf 86' lang='lat' dir='ltr'>Xerxes</span> <span class='ocrx_word' id='word_1_171' title='bbox 832 3043 894 3105; x_wconf 73' lang='grc' dir='ltr'>μέγα</span> <span class='ocrx_word' id='word_1_172' title='bbox 910 3045 991 3106; x_wconf 58' lang='lat' dir='ltr'>eperia,</span> <span class='ocrx_word' id='word_1_173' title='bbox 1009 3042 1065 3090; x_wconf 89' lang='lat' dir='ltr'>olim</span> <span class='ocrx_word' id='word_1_174' title='bbox 1078 3043 1102 3090; x_wconf 86' lang='lat' dir='ltr'>iu</span> <span class='ocrx_word' id='word_1_175' title='bbox 1116 3040 1268 3102; x_wconf 70' lang='lat' dir='ltr'>Hellesponti</span> 
     </span>
     <span class='ocr_line' id='line_1_26' title="bbox 167 3102 1308 3170; baseline -0.002 -16"><span class='ocrx_word' id='word_1_176' title='bbox 167 3114 383 3166; x_wconf 81' lang='lat' dir='ltr'>nonposset.mtes</span> <span class='ocrx_word' id='word_1_177' title='bbox 401 3115 468 3161; x_wconf 83' lang='lat' dir='ltr'>terra,</span> <span class='ocrx_word' id='word_1_178' title='bbox 488 3108 592 3154; x_wconf 73' lang='lat' dir='ltr'>cratibus</span> <span class='ocrx_word' id='word_1_179' title='bbox 609 3125 636 3154; x_wconf 83' lang='lat' dir='ltr'>ae</span> <span class='ocrx_word' id='word_1_180' title='bbox 653 3111 704 3169; x_wconf 86' lang='lat' dir='ltr'>plu·</span> <span class='ocrx_word' id='word_1_181' title='bbox 728 3111 789 3154; x_wconf 79' lang='lat' dir='ltr'>freto</span> <span class='ocrx_word' id='word_1_182' title='bbox 803 3115 874 3170; x_wconf 83' lang='lat' dir='ltr'>ponte</span> <span class='ocrx_word' id='word_1_183' title='bbox 890 3109 1029 3154; x_wconf 75' lang='lat' dir='ltr'>excursibus</span> <span class='ocrx_word' id='word_1_184' title='bbox 1044 3108 1122 3163; x_wconf 85' lang='lat' dir='ltr'>ducto,</span> <span class='ocrx_word' id='word_1_185' title='bbox 1140 3105 1268 3166; x_wconf 78' lang='lat' dir='ltr'>sbAbydo</span> <span class='ocrx_word' id='word_1_186' title='bbox 1305 3102 1308 3106; x_wconf 74' lang='grc'><strong><em>’</em></strong></span> 
     </span>
     <span class='ocr_line' id='line_1_27' title="bbox 168 3165 1268 3232; baseline -0.003 -13"><span class='ocrx_word' id='word_1_187' title='bbox 168 3172 213 3219; x_wconf 86' lang='lat' dir='ltr'>teis</span> <span class='ocrx_word' id='word_1_188' title='bbox 224 3168 385 3222; x_wconf 72' lang='lat' dir='ltr'>contretu,&#39;et</span> <span class='ocrx_word' id='word_1_189' title='bbox 395 3171 498 3221; x_wconf 81' lang='lat' dir='ltr'>turribus</span> <span class='ocrx_word' id='word_1_190' title='bbox 510 3172 622 3217; x_wconf 77' lang='lat' dir='ltr'>adversm</span> <span class='ocrx_word' id='word_1_191' title='bbox 632 3172 704 3232; x_wconf 90' lang='lat' dir='ltr'>impe·</span> <span class='ocrx_word' id='word_1_192' title='bbox 731 3175 788 3217; x_wconf 83' lang='lat' dir='ltr'>urbe</span> <span class='ocrx_word' id='word_1_193' title='bbox 800 3171 863 3218; x_wconf 71' lang='lat' dir='ltr'>Asine</span> <span class='ocrx_word' id='word_1_194' title='bbox 879 3171 903 3216; x_wconf 91' lang='lat' dir='ltr'>in</span> <span class='ocrx_word' id='word_1_195' title='bbox 920 3173 1005 3217; x_wconf 81' lang='lat' dir='ltr'>Seston</span> <span class='ocrx_word' id='word_1_196' title='bbox 1017 3173 1096 3218; x_wconf 87' lang='lat' dir='ltr'>urbem</span> <span class='ocrx_word' id='word_1_197' title='bbox 1107 3173 1215 3232; x_wconf 66' lang='lat' dir='ltr'>Europe,</span> <span class='ocrx_word' id='word_1_198' title='bbox 1225 3165 1268 3231; x_wconf 82' lang='lat' dir='ltr'>pe-</span> 
     </span>
     <span class='ocr_line' id='line_1_28' title="bbox 168 3232 1267 3297; baseline 0.002 -17"><span class='ocrx_word' id='word_1_199' title='bbox 168 3241 253 3283; x_wconf 85' lang='lat' dir='ltr'>tumet</span> <span class='ocrx_word' id='word_1_200' title='bbox 265 3232 373 3285; x_wconf 72' lang='lat' dir='ltr'>incendio</span> <span class='ocrx_word' id='word_1_201' title='bbox 384 3233 483 3279; x_wconf 85' lang='lat' dir='ltr'>munitas</span> <span class='ocrx_word' id='word_1_202' title='bbox 493 3235 624 3282; x_wconf 75' lang='lat' dir='ltr'>collocarit.</span> <span class='ocrx_word' id='word_1_203' title='bbox 709 3238 801 3281; x_wconf 83' lang='lat' dir='ltr'>&#39;dibus</span> <span class='ocrx_word' id='word_1_204' title='bbox 826 3235 919 3297; x_wconf 75' lang='lat' dir='ltr'>trajecit</span> <span class='ocrx_word' id='word_1_205' title='bbox 937 3235 1073 3284; x_wconf 80' lang='lat' dir='ltr'>exercitum.</span> <span class='ocrx_word' id='word_1_206' title='bbox 1106 3233 1221 3283; x_wconf 73' lang='lat' dir='ltr'>nuodot</span> <span class='ocrx_word' id='word_1_207' title='bbox 1241 3235 1267 3282; x_wconf 87' lang='grc'>7.</span> 
     </span>
     <span class='ocr_line' id='line_1_29' title="bbox 203 3297 983 3360; baseline 0 -14"><span class='ocrx_word' id='word_1_208' title='bbox 203 3301 259 3348; x_wconf 82' lang='grc'><strong>663.</strong></span> <span class='ocrx_word' id='word_1_209' title='bbox 279 3298 341 3345; x_wconf 77' lang='lat' dir='ltr'>Cedit</span> <span class='ocrx_word' id='word_1_210' title='bbox 353 3298 377 3349; x_wconf 74' lang='lat' dir='ltr'>in</span> <span class='ocrx_word' id='word_1_211' title='bbox 389 3298 518 3343; x_wconf 69' lang='lat' dir='ltr'>immersum</span> <span class='ocrx_word' id='word_1_212' title='bbox 536 3311 609 3343; x_wconf 70' lang='lat' dir='ltr'>eunus</span> <span class='ocrx_word' id='word_1_213' title='bbox 624 3297 704 3359; x_wconf 70' lang='lat' dir='ltr'>laben]</span> <span class='ocrx_word' id='word_1_214' title='bbox 733 3299 796 3346; x_wconf 81' lang='lat' dir='ltr'>blelu</span> <span class='ocrx_word' id='word_1_215' title='bbox 805 3299 847 3344; x_wconf 85' lang='lat' dir='ltr'>lib.</span> <span class='ocrx_word' id='word_1_216' title='bbox 860 3302 882 3352; x_wconf 72' lang='grc'>7.</span> <span class='ocrx_word' id='word_1_217' title='bbox 894 3315 944 3360; x_wconf 76' lang='lat' dir='ltr'>cap.</span> <span class='ocrx_word' id='word_1_218' title='bbox 960 3303 983 3348; x_wconf 79' lang='lat'>2.</span> 
     </span>
     <span class='ocr_line' id='line_1_30' title="bbox 171 3358 1270 3426; baseline 0.002 -15"><span class='ocrx_word' id='word_1_219' title='bbox 171 3365 248 3412; x_wconf 75' lang='lat' dir='ltr'>labor</span> <span class='ocrx_word' id='word_1_220' title='bbox 264 3363 388 3409; x_wconf 82' lang='lat' dir='ltr'>inmensus</span> <span class='ocrx_word' id='word_1_221' title='bbox 403 3361 466 3407; x_wconf 83' lang='lat' dir='ltr'>cedit</span> <span class='ocrx_word' id='word_1_222' title='bbox 477 3361 600 3408; x_wconf 70' lang='lat' dir='ltr'>incessum.</span> <span class='ocrx_word' id='word_1_223' title='bbox 618 3363 708 3422; x_wconf 80' lang='lat' dir='ltr'>Hypul-</span> <span class='ocrx_word' id='word_1_224' title='bbox 767 3367 821 3410; x_wconf 86' lang='grc'>675.</span> <span class='ocrx_word' id='word_1_225' title='bbox 840 3361 991 3426; x_wconf 59' lang='lat' dir='ltr'>terestrem]</span> <span class='ocrx_word' id='word_1_226' title='bbox 1008 3365 1056 3412; x_wconf 91' lang='lat' dir='ltr'>luit</span> <span class='ocrx_word' id='word_1_227' title='bbox 1063 3363 1223 3426; x_wconf 64' lang='lat' dir='ltr'>superstratum</span> <span class='ocrx_word' id='word_1_228' title='bbox 1232 3358 1270 3413; x_wconf 64' lang='grc' dir='ltr'>η’-</span> 
     </span>
     <span class='ocr_line' id='line_1_31' title="bbox 170 3423 1078 3490; baseline 0.001 -14"><span class='ocrx_word' id='word_1_229' title='bbox 170 3431 231 3490; x_wconf 75' lang='lat' dir='ltr'>lnge.</span> <span class='ocrx_word' id='word_1_230' title='bbox 250 3427 332 3474; x_wconf 81' lang='lat' dir='ltr'>Omnia</span> <span class='ocrx_word' id='word_1_231' title='bbox 343 3435 434 3487; x_wconf 83' lang='lat' dir='ltr'>pontus,</span> <span class='ocrx_word' id='word_1_232' title='bbox 449 3423 505 3486; x_wconf 74' lang='lat' dir='ltr'>bre]</span> <span class='ocrx_word' id='word_1_233' title='bbox 523 3426 624 3484; x_wconf 79' lang='lat' dir='ltr'>injectas</span> <span class='ocrx_word' id='word_1_234' title='bbox 637 3426 710 3471; x_wconf 85' lang='lat' dir='ltr'>moles</span> <span class='ocrx_word' id='word_1_235' title='bbox 734 3428 784 3488; x_wconf 90' lang='lat' dir='ltr'>pidi</span> <span class='ocrx_word' id='word_1_236' title='bbox 797 3427 952 3488; x_wconf 81' lang='lat' dir='ltr'>Hellesponti.</span> <span class='ocrx_word' id='word_1_237' title='bbox 970 3428 1078 3476; x_wconf 70' lang='lat' dir='ltr'>iteum.</span> 
     </span>
     <span class='ocr_line' id='line_1_32' title="bbox 172 3490 1271 3555; baseline -0.007 -16"><span class='ocrx_word' id='word_1_238' title='bbox 172 3495 298 3542; x_wconf 74' lang='lat' dir='ltr'>absorbent</span> <span class='ocrx_word' id='word_1_239' title='bbox 309 3506 390 3537; x_wconf 75' lang='lat' dir='ltr'>arenae.</span> <span class='ocrx_word' id='word_1_240' title='bbox 401 3498 427 3536; x_wconf 87' lang='lat' dir='ltr'>ut</span> <span class='ocrx_word' id='word_1_241' title='bbox 436 3490 506 3537; x_wconf 87' lang='lat' dir='ltr'>reiert</span> <span class='ocrx_word' id='word_1_242' title='bbox 518 3490 592 3537; x_wconf 84' lang='lat' dir='ltr'>Poeta</span> <span class='ocrx_word' id='word_1_243' title='bbox 602 3504 668 3549; x_wconf 81' lang='lat' dir='ltr'>secus</span> <span class='ocrx_word' id='word_1_244' title='bbox 677 3496 710 3536; x_wconf 85' lang='lat' dir='ltr'>at·</span> <span class='ocrx_word' id='word_1_245' title='bbox 768 3495 823 3540; x_wconf 85' lang='grc'>676.</span> <span class='ocrx_word' id='word_1_246' title='bbox 842 3490 940 3548; x_wconf 80' lang='lat' dir='ltr'>Eurum,</span> <span class='ocrx_word' id='word_1_247' title='bbox 957 3491 1014 3555; x_wconf 77' lang='lat' dir='ltr'>dra]</span> <span class='ocrx_word' id='word_1_248' title='bbox 1032 3493 1080 3554; x_wconf 78' lang='lat' dir='ltr'>Qui</span> <span class='ocrx_word' id='word_1_249' title='bbox 1093 3501 1177 3549; x_wconf 70' lang='lat' dir='ltr'>tamen,</span> <span class='ocrx_word' id='word_1_250' title='bbox 1187 3490 1271 3540; x_wconf 57' lang='grc' dir='ltr'>’ωῃοῄ</span> 
     </span>
     <span class='ocr_line' id='line_1_33' title="bbox 173 3553 1273 3620; baseline 0.001 -17"><span class='ocrx_word' id='word_1_251' title='bbox 173 3573 219 3620; x_wconf 86' lang='lat' dir='ltr'>que</span> <span class='ocrx_word' id='word_1_252' title='bbox 231 3565 310 3603; x_wconf 87' lang='lat' dir='ltr'>auctor</span> <span class='ocrx_word' id='word_1_253' title='bbox 321 3555 542 3608; x_wconf 77' lang='lat' dir='ltr'>Cornmenturiorunr</span> <span class='ocrx_word' id='word_1_254' title='bbox 554 3555 583 3604; x_wconf 84' lang='lat' dir='ltr'>de</span> <span class='ocrx_word' id='word_1_255' title='bbox 594 3554 655 3600; x_wconf 86' lang='lat' dir='ltr'>bello</span> <span class='ocrx_word' id='word_1_256' title='bbox 665 3553 710 3600; x_wconf 83' lang='lat' dir='ltr'>eir.</span> <span class='ocrx_word' id='word_1_257' title='bbox 736 3562 784 3602; x_wconf 85' lang='lat' dir='ltr'>tuto</span> <span class='ocrx_word' id='word_1_258' title='bbox 805 3556 897 3617; x_wconf 75' lang='lat' dir='ltr'>pelago,</span> <span class='ocrx_word' id='word_1_259' title='bbox 921 3563 1016 3617; x_wconf 86' lang='lat' dir='ltr'>pontem</span> <span class='ocrx_word' id='word_1_260' title='bbox 1038 3557 1186 3618; x_wconf 79' lang='lat' dir='ltr'>disjecerunt.</span> <span class='ocrx_word' id='word_1_261' title='bbox 1212 3556 1273 3604; x_wconf 73' lang='lat' dir='ltr'>Garris</span> 
     </span>
     <span class='ocr_line' id='line_1_34' title="bbox 208 3616 1275 3682; baseline 0.002 -14"><span class='ocrx_word' id='word_1_262' title='bbox 208 3623 265 3668; x_wconf 82' lang='lat'><strong>665.</strong></span> <span class='ocrx_word' id='word_1_263' title='bbox 286 3619 316 3665; x_wconf 83' lang='lat' dir='ltr'>Ut</span> <span class='ocrx_word' id='word_1_264' title='bbox 327 3620 393 3664; x_wconf 82' lang='lat' dir='ltr'>maris</span> <span class='ocrx_word' id='word_1_265' title='bbox 404 3619 485 3681; x_wconf 65' lang='lat' dir='ltr'>AEgaet</span> <span class='ocrx_word' id='word_1_266' title='bbox 503 3617 561 3680; x_wconf 74' lang='lat' dir='ltr'>dte]</span> <span class='ocrx_word' id='word_1_267' title='bbox 579 3621 661 3679; x_wconf 70' lang='lat' dir='ltr'>Neque</span> <span class='ocrx_word' id='word_1_268' title='bbox 678 3625 712 3665; x_wconf 78' lang='lat' dir='ltr'>ta·</span> <span class='ocrx_word' id='word_1_269' title='bbox 736 3616 1034 3682; x_wconf 75' lang='lat' dir='ltr'>oetc,&amp;c.]Cummonterri</span> <span class='ocrx_word' id='word_1_270' title='bbox 1041 3619 1275 3677; x_wconf 73' lang='lat' dir='ltr'>MacedonioeAtbou</span> 
     </span>
     <span class='ocr_line' id='line_1_35' title="bbox 127 3683 1272 3747; baseline 0.001 -14"><span class='ocrx_word' id='word_1_271' title='bbox 127 3714 131 3724; x_wconf 90' lang='lat'>·</span> <span class='ocrx_word' id='word_1_272' title='bbox 175 3685 312 3734; x_wconf 85' lang='lat' dir='ltr'>meumoles</span> <span class='ocrx_word' id='word_1_273' title='bbox 328 3683 374 3728; x_wconf 81' lang='lat' dir='ltr'>illue</span> <span class='ocrx_word' id='word_1_274' title='bbox 390 3685 464 3744; x_wconf 75' lang='lat' dir='ltr'>magis</span> <span class='ocrx_word' id='word_1_275' title='bbox 482 3691 575 3744; x_wconf 86' lang='lat' dir='ltr'>portum</span> <span class='ocrx_word' id='word_1_276' title='bbox 592 3684 712 3730; x_wconf 91' lang='lat' dir='ltr'>obstruuut</span> <span class='ocrx_word' id='word_1_277' title='bbox 738 3701 752 3730; x_wconf 90' lang='lat' dir='ltr'>a</span> <span class='ocrx_word' id='word_1_278' title='bbox 765 3685 891 3734; x_wconf 85' lang='lat' dir='ltr'>continenti</span> <span class='ocrx_word' id='word_1_279' title='bbox 901 3685 1006 3734; x_wconf 76' lang='lat' dir='ltr'>abscindi</span> <span class='ocrx_word' id='word_1_280' title='bbox 1018 3689 1109 3747; x_wconf 78' lang='lat' dir='ltr'>jussum</span> <span class='ocrx_word' id='word_1_281' title='bbox 1120 3685 1272 3735; x_wconf 73' lang='lat' dir='ltr'>cucumeri-</span> 
     </span>
     <span class='ocr_line' id='line_1_36' title="bbox 177 3747 1272 3810; baseline 0 -12"><span class='ocrx_word' id='word_1_282' title='bbox 177 3757 216 3799; x_wconf 76' lang='lat' dir='ltr'>aut</span> <span class='ocrx_word' id='word_1_283' title='bbox 225 3750 248 3795; x_wconf 88' lang='lat' dir='ltr'>iu</span> <span class='ocrx_word' id='word_1_284' title='bbox 256 3765 317 3794; x_wconf 81' lang='lat' dir='ltr'>mare</span> <span class='ocrx_word' id='word_1_285' title='bbox 327 3749 434 3802; x_wconf 83' lang='lat' dir='ltr'>eminent,</span> <span class='ocrx_word' id='word_1_286' title='bbox 443 3764 511 3808; x_wconf 83' lang='lat' dir='ltr'>quam</span> <span class='ocrx_word' id='word_1_287' title='bbox 522 3749 542 3794; x_wconf 90' lang='lat' dir='ltr'>si</span> <span class='ocrx_word' id='word_1_288' title='bbox 550 3747 630 3808; x_wconf 86' lang='lat' dir='ltr'>iulaeu</span> <span class='ocrx_word' id='word_1_289' title='bbox 640 3751 713 3804; x_wconf 66' lang='lat' dir='ltr'>river·</span> <span class='ocrx_word' id='word_1_290' title='bbox 739 3756 812 3809; x_wconf 83' lang='lat' dir='ltr'>garet.</span> <span class='ocrx_word' id='word_1_291' title='bbox 827 3747 954 3810; x_wconf 71' lang='lat' dir='ltr'>Velficatus</span> <span class='ocrx_word' id='word_1_292' title='bbox 966 3750 1040 3799; x_wconf 72' lang='lat' dir='ltr'>Artos.</span> <span class='ocrx_word' id='word_1_293' title='bbox 1057 3750 1165 3805; x_wconf 64' lang='lat' dir='ltr'>Juvenal,</span> <span class='ocrx_word' id='word_1_294' title='bbox 1175 3750 1224 3798; x_wconf 76' lang='lat' dir='ltr'>su.</span> <span class='ocrx_word' id='word_1_295' title='bbox 1231 3753 1272 3799; x_wconf 88' lang='lat'>10.</span> 
     </span>
     <span class='ocr_line' id='line_1_37' title="bbox 176 3812 848 3874; baseline -0.001 -14"><span class='ocrx_word' id='word_1_296' title='bbox 176 3831 207 3861; x_wconf 90' lang='lat' dir='ltr'>no</span> <span class='ocrx_word' id='word_1_297' title='bbox 225 3815 371 3869; x_wconf 74' lang='lat' dir='ltr'>demergatur</span> <span class='ocrx_word' id='word_1_298' title='bbox 388 3816 479 3860; x_wconf 81' lang='lat' dir='ltr'>Gaurus</span> <span class='ocrx_word' id='word_1_299' title='bbox 496 3827 560 3858; x_wconf 89' lang='lat' dir='ltr'>mous</span> <span class='ocrx_word' id='word_1_300' title='bbox 577 3812 714 3874; x_wconf 76' lang='lat' dir='ltr'>campanieu,</span> <span class='ocrx_word' id='word_1_301' title='bbox 739 3830 775 3860; x_wconf 88' lang='lat' dir='ltr'>vs.</span> <span class='ocrx_word' id='word_1_302' title='bbox 793 3817 848 3860; x_wconf 87' lang='lat'>180.</span> 
     </span>
     <span class='ocr_line' id='line_1_38' title="bbox 178 3875 1275 3942; baseline 0.002 -17"><span class='ocrx_word' id='word_1_303' title='bbox 178 3884 219 3928; x_wconf 77' lang='lat' dir='ltr'>sut</span> <span class='ocrx_word' id='word_1_304' title='bbox 229 3877 252 3924; x_wconf 93' lang='lat' dir='ltr'>iu</span> <span class='ocrx_word' id='word_1_305' title='bbox 265 3878 347 3934; x_wconf 70' lang='lat' dir='ltr'>AEuaec</span> <span class='ocrx_word' id='word_1_306' title='bbox 355 3877 412 3922; x_wconf 87' lang='lat' dir='ltr'>muri</span> <span class='ocrx_word' id='word_1_307' title='bbox 424 3879 487 3936; x_wconf 80' lang='lat' dir='ltr'>llryx</span> <span class='ocrx_word' id='word_1_308' title='bbox 497 3892 563 3923; x_wconf 91' lang='lat' dir='ltr'>mons</span> <span class='ocrx_word' id='word_1_309' title='bbox 571 3875 665 3933; x_wconf 78' lang='lat' dir='ltr'>Siciliae,</span> <span class='ocrx_word' id='word_1_310' title='bbox 675 3878 715 3936; x_wconf 90' lang='lat' dir='ltr'>qui</span> <span class='ocrx_word' id='word_1_311' title='bbox 773 3881 827 3932; x_wconf 88' lang='grc'>677.</span> <span class='ocrx_word' id='word_1_312' title='bbox 845 3879 882 3925; x_wconf 82' lang='lat' dir='ltr'>Sie</span> <span class='ocrx_word' id='word_1_313' title='bbox 891 3894 931 3925; x_wconf 83' lang='lat' dir='ltr'>ora</span> <span class='ocrx_word' id='word_1_314' title='bbox 938 3878 1056 3942; x_wconf 61' lang='lat' dir='ltr'>perpendi,</span> <span class='ocrx_word' id='word_1_315' title='bbox 1071 3876 1128 3941; x_wconf 68' lang='lat' dir='ltr'>dte]</span> <span class='ocrx_word' id='word_1_316' title='bbox 1146 3876 1185 3925; x_wconf 83' lang='lat' dir='ltr'>Sic</span> <span class='ocrx_word' id='word_1_317' title='bbox 1196 3877 1275 3928; x_wconf 68' lang='lat' dir='ltr'>fauce·</span> 
     </span>
     <span class='ocr_line' id='line_1_39' title="bbox 178 3941 1276 4006; baseline 0.001 -16"><span class='ocrx_word' id='word_1_318' title='bbox 178 3942 286 4005; x_wconf 82' lang='lat' dir='ltr'>quonium</span> <span class='ocrx_word' id='word_1_319' title='bbox 299 3941 377 4003; x_wconf 89' lang='lat' dir='ltr'>procul</span> <span class='ocrx_word' id='word_1_320' title='bbox 389 3941 459 3986; x_wconf 87' lang='lat' dir='ltr'>distat</span> <span class='ocrx_word' id='word_1_321' title='bbox 476 3942 504 3985; x_wconf 86' lang='lat' dir='ltr'>ub</span> <span class='ocrx_word' id='word_1_322' title='bbox 516 3941 606 4002; x_wconf 78' lang='lat' dir='ltr'>AEgaeo,</span> <span class='ocrx_word' id='word_1_323' title='bbox 620 3942 715 3987; x_wconf 55' lang='lat' dir='ltr'>Sabellis</span> <span class='ocrx_word' id='word_1_324' title='bbox 739 3949 826 4002; x_wconf 83' lang='lat' dir='ltr'>portus</span> <span class='ocrx_word' id='word_1_325' title='bbox 839 3943 927 3990; x_wconf 87' lang='lat' dir='ltr'>Brund.</span> <span class='ocrx_word' id='word_1_326' title='bbox 947 3945 1034 3990; x_wconf 81' lang='lat' dir='ltr'>ratibus</span> <span class='ocrx_word' id='word_1_327' title='bbox 1050 3943 1154 3991; x_wconf 87' lang='lat' dir='ltr'>roboreis</span> <span class='ocrx_word' id='word_1_328' title='bbox 1172 3957 1185 3990; x_wconf 81' lang='grc' dir='ltr'><strong>ο</strong></span> <span class='ocrx_word' id='word_1_329' title='bbox 1202 3942 1276 4006; x_wconf 76' lang='lat' dir='ltr'>sylvis</span> 
     </span>
     <span class='ocr_line' id='line_1_40' title="bbox 180 4005 1240 4069; baseline 0.001 -16"><span class='ocrx_word' id='word_1_330' title='bbox 180 4023 222 4056; x_wconf 81' lang='lat' dir='ltr'>cus</span> <span class='ocrx_word' id='word_1_331' title='bbox 234 4006 306 4052; x_wconf 82' lang='lat' dir='ltr'>etalii</span> <span class='ocrx_word' id='word_1_332' title='bbox 320 4005 387 4052; x_wconf 73' lang='lat' dir='ltr'>Attus</span> <span class='ocrx_word' id='word_1_333' title='bbox 402 4005 524 4066; x_wconf 85' lang='lat' dir='ltr'>legendum</span> <span class='ocrx_word' id='word_1_334' title='bbox 535 4013 659 4052; x_wconf 83' lang='lat' dir='ltr'>autumant.</span> <span class='ocrx_word' id='word_1_335' title='bbox 741 4006 828 4063; x_wconf 73' lang='lat' dir='ltr'>excisis</span> <span class='ocrx_word' id='word_1_336' title='bbox 839 4015 862 4054; x_wconf 91' lang='lat' dir='ltr'>et</span> <span class='ocrx_word' id='word_1_337' title='bbox 874 4008 897 4054; x_wconf 88' lang='lat' dir='ltr'>in</span> <span class='ocrx_word' id='word_1_338' title='bbox 907 4023 969 4055; x_wconf 80' lang='lat' dir='ltr'>mare</span> <span class='ocrx_word' id='word_1_339' title='bbox 980 4007 1077 4069; x_wconf 86' lang='lat' dir='ltr'>dejectis</span> <span class='ocrx_word' id='word_1_340' title='bbox 1088 4015 1240 4067; x_wconf 75' lang='lat' dir='ltr'>coarctantur.</span> 
     </span>
     <span class='ocr_line' id='line_1_41' title="bbox 214 4070 1277 4137; baseline 0.003 -19"><span class='ocrx_word' id='word_1_341' title='bbox 214 4073 270 4122; x_wconf 87' lang='grc'><strong>669.</strong></span> <span class='ocrx_word' id='word_1_342' title='bbox 290 4070 350 4132; x_wconf 68' lang='lat' dir='ltr'>Ergo</span> <span class='ocrx_word' id='word_1_343' title='bbox 363 4071 400 4115; x_wconf 81' lang='lat' dir='ltr'>uti</span> <span class='ocrx_word' id='word_1_344' title='bbox 411 4070 547 4132; x_wconf 60' lang='lat' dir='ltr'>cultatim]</span> <span class='ocrx_word' id='word_1_345' title='bbox 565 4071 717 4130; x_wconf 88' lang='lat' dir='ltr'>Prosequitur</span> <span class='ocrx_word' id='word_1_346' title='bbox 774 4075 829 4128; x_wconf 87' lang='grc'>678.</span> <span class='ocrx_word' id='word_1_347' title='bbox 847 4072 1018 4137; x_wconf 67' lang='lat' dir='ltr'>Aggeremuttrq</span> <span class='ocrx_word' id='word_1_348' title='bbox 1029 4070 1085 4135; x_wconf 58' lang='lat' dir='ltr'>&amp;od</span> <span class='ocrx_word' id='word_1_349' title='bbox 1094 4072 1277 4121; x_wconf 76' lang='lat' dir='ltr'>Trabibustem</span> 
     </span>
     <span class='ocr_line' id='line_1_42' title="bbox 181 4135 941 4196; baseline -0.003 -11"><span class='ocrx_word' id='word_1_350' title='bbox 181 4137 281 4196; x_wconf 53' lang='lat' dir='ltr'>&amp;saris</span> <span class='ocrx_word' id='word_1_351' title='bbox 293 4135 436 4193; x_wconf 67' lang='lat' dir='ltr'>diligentiam</span> <span class='ocrx_word' id='word_1_352' title='bbox 455 4142 478 4182; x_wconf 90' lang='lat' dir='ltr'>et</span> <span class='ocrx_word' id='word_1_353' title='bbox 495 4135 595 4182; x_wconf 89' lang='lat' dir='ltr'>studium</span> <span class='ocrx_word' id='word_1_354' title='bbox 611 4136 716 4196; x_wconf 87' lang='lat' dir='ltr'>inperii·</span> <span class='ocrx_word' id='word_1_355' title='bbox 742 4137 871 4184; x_wconf 83' lang='lat' dir='ltr'>constratis.</span> <span class='ocrx_word' id='word_1_356' title='bbox 933 4142 941 4152; x_wconf 86' lang='lat'><strong><em>‘</em></strong></span> 
     </span>
     <span class='ocr_line' id='line_1_43' title="bbox 181 4198 1278 4266; baseline -0.007 -18"><span class='ocrx_word' id='word_1_357' title='bbox 181 4201 266 4248; x_wconf 84' lang='lat' dir='ltr'>ciendo</span> <span class='ocrx_word' id='word_1_358' title='bbox 277 4217 347 4262; x_wconf 89' lang='lat' dir='ltr'>opere</span> <span class='ocrx_word' id='word_1_359' title='bbox 360 4207 445 4259; x_wconf 82' lang='lat' dir='ltr'>erepto.</span> <span class='ocrx_word' id='word_1_360' title='bbox 461 4199 642 4248; x_wconf 60' lang='lat' dir='ltr'>limentinus</span> <span class='ocrx_word' id='word_1_361' title='bbox 654 4202 716 4258; x_wconf 84' lang='lat' dir='ltr'>vado,</span> <span class='ocrx_word' id='word_1_362' title='bbox 775 4205 829 4250; x_wconf 87' lang='grc'>679.</span> <span class='ocrx_word' id='word_1_363' title='bbox 849 4201 974 4266; x_wconf 68' lang='lat' dir='ltr'>Longaque</span> <span class='ocrx_word' id='word_1_364' title='bbox 982 4209 1088 4258; x_wconf 75' lang='lat' dir='ltr'>tremunt,</span> <span class='ocrx_word' id='word_1_365' title='bbox 1098 4198 1154 4264; x_wconf 76' lang='lat' dir='ltr'>dra]</span> <span class='ocrx_word' id='word_1_366' title='bbox 1170 4201 1200 4250; x_wconf 88' lang='lat' dir='ltr'>In</span> <span class='ocrx_word' id='word_1_367' title='bbox 1209 4216 1278 4263; x_wconf 78' lang='lat' dir='ltr'>qm.</span> 
     </span>
     <span class='ocr_line' id='line_1_44' title="bbox 183 4264 1278 4328; baseline 0.002 -16"><span class='ocrx_word' id='word_1_368' title='bbox 183 4264 242 4328; x_wconf 65' lang='grc' dir='ltr'>δια]</span> <span class='ocrx_word' id='word_1_369' title='bbox 258 4268 292 4321; x_wconf 68' lang='lat' dir='ltr'>‚Ut</span> <span class='ocrx_word' id='word_1_370' title='bbox 301 4267 369 4311; x_wconf 86' lang='lat' dir='ltr'>nmdc</span> <span class='ocrx_word' id='word_1_371' title='bbox 381 4280 415 4311; x_wconf 85' lang='lat' dir='ltr'>vs.</span> <span class='ocrx_word' id='word_1_372' title='bbox 426 4267 481 4313; x_wconf 86' lang='grc'><strong>663.</strong></span> <span class='ocrx_word' id='word_1_373' title='bbox 743 4274 766 4312; x_wconf 83' lang='lat' dir='ltr'>te</span> <span class='ocrx_word' id='word_1_374' title='bbox 777 4283 865 4327; x_wconf 84' lang='lat' dir='ltr'>qunque</span> <span class='ocrx_word' id='word_1_375' title='bbox 875 4268 959 4314; x_wconf 86' lang='lat' dir='ltr'>rntimn</span> <span class='ocrx_word' id='word_1_376' title='bbox 974 4276 1049 4324; x_wconf 86' lang='lat' dir='ltr'>turres</span> <span class='ocrx_word' id='word_1_377' title='bbox 1066 4267 1172 4314; x_wconf 84' lang='lat' dir='ltr'>binorum</span> <span class='ocrx_word' id='word_1_378' title='bbox 1188 4266 1278 4314; x_wconf 77' lang='lat' dir='ltr'>tabula·</span> 
     </span>
     <span class='ocr_line' id='line_1_45' title="bbox 216 4327 1227 4394; baseline 0.001 -16"><span class='ocrx_word' id='word_1_379' title='bbox 216 4334 274 4378; x_wconf 90' lang='grc'>670.</span> <span class='ocrx_word' id='word_1_380' title='bbox 295 4327 391 4392; x_wconf 69' lang='lat' dir='ltr'>Vincula</span> <span class='ocrx_word' id='word_1_381' title='bbox 412 4330 479 4386; x_wconf 79' lang='lat' dir='ltr'>siluis,</span> <span class='ocrx_word' id='word_1_382' title='bbox 502 4329 636 4394; x_wconf 80' lang='lat' dir='ltr'>liobnrcqroe,</span> <span class='ocrx_word' id='word_1_383' title='bbox 660 4327 717 4392; x_wconf 74' lang='lat' dir='ltr'>dte]</span> <span class='ocrx_word' id='word_1_384' title='bbox 743 4332 944 4379; x_wconf 83' lang='lat' dir='ltr'>torumexeitatar.</span> <span class='ocrx_word' id='word_1_385' title='bbox 1225 4333 1227 4339; x_wconf 89' lang='lat'>&#39;</span> 
     </span>
     <span class='ocr_line' id='line_1_46' title="bbox 182 4390 1279 4461; baseline 0.001 -18"><span class='ocrx_word' id='word_1_386' title='bbox 182 4395 259 4453; x_wconf 66' lang='lat' dir='ltr'>Butes</span> <span class='ocrx_word' id='word_1_387' title='bbox 268 4397 410 4461; x_wconf 72' lang='lat' dir='ltr'>conjunctus,</span> <span class='ocrx_word' id='word_1_388' title='bbox 418 4390 441 4441; x_wconf 76' lang='lat' dir='ltr'>et</span> <span class='ocrx_word' id='word_1_389' title='bbox 451 4395 568 4459; x_wconf 78' lang='lat' dir='ltr'>quaternis</span> <span class='ocrx_word' id='word_1_390' title='bbox 576 4394 719 4458; x_wconf 73' lang='lat' dir='ltr'>singulisan-</span> <span class='ocrx_word' id='word_1_391' title='bbox 776 4399 833 4447; x_wconf 84' lang='grc'><strong>680.</strong></span> <span class='ocrx_word' id='word_1_392' title='bbox 851 4394 989 4460; x_wconf 68' lang='lat' dir='ltr'>Perpetua]</span> <span class='ocrx_word' id='word_1_393' title='bbox 1014 4396 1062 4446; x_wconf 88' lang='lat' dir='ltr'>Ubi</span> <span class='ocrx_word' id='word_1_394' title='bbox 1085 4395 1152 4445; x_wconf 82' lang='lat' dir='ltr'>ridet</span> <span class='ocrx_word' id='word_1_395' title='bbox 1174 4395 1236 4444; x_wconf 74' lang='lat' dir='ltr'>ostis</span> <span class='ocrx_word' id='word_1_396' title='bbox 1254 4400 1279 4445; x_wconf 82' lang='lat' dir='ltr'>ct</span> 
     </span>
    </p>
   </div>
   <div class='ocr_carea' id='block_1_5' title="bbox 0 0 1449 4860">
    <p class='ocr_par' dir='ltr' id='par_1_22' title="bbox 0 0 1449 4860">
     <span class='ocr_line' id='line_1_47' title="bbox 0 0 1449 4860; baseline 0 0"><span class='ocrx_word' id='word_1_397' title='bbox 0 0 1449 4860; x_wconf 95' lang='lat' dir='ltr'> </span> 
     </span>
    </p>
   </div>
  </div>
 </body>
</html>
