2784 4860
139 341 183 403 78
405 337 457 402 Μ.
500 336 703 405 ANNAEI
747 333 971 405 LUCANI
1028 364 1031 369 ·

138 512 254 596 Atque
274 512 388 595 ipsum
408 531 477 576 non
492 512 612 596 perdat
626 514 699 588 iter,
723 515 949 594 consertaque
967 510 1069 580 bellio

139 623 240 687 Bella
259 628 363 705 gerat.
385 641 455 687 non
469 628 539 687 tam
555 630 672 706 portas
688 624 811 687 intrme
825 627 980 705 patentes

140 731 254 810 Quam
267 732 408 813 fregisse
425 732 544 816 juvat:
567 751 630 796 nec
646 738 716 796 tam
731 733 881 815 patiente
901 733 1025 799 colono
1075 726 1079 731 ’

140 841 235 906 Arra
249 842 369 925 premi,
391 862 493 926 quam
509 844 539 906 si
554 844 641 906 ferro
656 844 850 927 populetur,
867 849 902 908 ct
920 845 1000 926 igni.

139 952 316 1018 Concessa
330 953 437 1036 pudet
451 955 500 1017 ire
515 955 585 1030 via,
602 955 779 1037 civemque
794 954 913 1018 videri.

139 1065 238 1128 Tunc
253 1066 356 1128 urbes
370 1064 468 1128 Latii.
477 1065 603 1141 dubiae,
620 1065 782 1146 varioque
798 1065 915 1129 favore

141 1172 333 1257 Ancipites,
350 1194 544 1257 quanquam
559 1175 669 1257 primo
684 1179 808 1238 terrore
824 1174 951 1239 ruentis

142 1283 298 1349 Cessurae
315 1285 409 1362 belli,
426 1286 532 1348 denso
548 1289 662 1348 tamen
684 1305 804 1366 aggere
820 1284 953 1347 firmant

39 1431 43 1440 =
142 1393 286 1469 Moenia,
303 1399 337 1456 et
353 1394 498 1476 abrupto
514 1394 714 1457 circundant
734 1394 883 1474 undique
899 1391 1011 1457 vallo:

141 1503 377 1584 Saxorumque
393 1503 504 1578 orbes,
520 1507 554 1566 et
568 1521 646 1584 quae
661 1521 764 1584 super
778 1502 910 1567 eminus
924 1501 1057 1564 hostem

140 1613 228 1677 Tela
242 1615 371 1695 petant,
387 1611 465 1674 altis
486 1631 658 1676 murorum
672 1613 819 1677 turribus
840 1617 970 1694 aptant.

141 1721 286 1787 Pronior
301 1723 336 1786 in
352 1721 515 1803 Magnum
536 1723 696 1805 populus,
714 1727 908 1806 pugnatque
931 1721 1057 1787 minaci

142 1831 229 1896 Cum
243 1839 367 1896 terrore
381 1832 485 1897 fides:
508 1837 546 1896 ut
561 1853 639 1896 cum
653 1853 745 1897 mare
761 1833 918 1916 possidet
932 1830 1057 1896 Auster

142 1942 297 2007 Flatibus
315 1943 512 2020 horrisonis,
527 1943 616 2006 hunc
642 1962 782 2024 aequora
796 1947 869 2006 tcta
884 1947 1087 2024 sequuntur:

141 2052 180 2116 Si
200 2071 316 2116 rursus
337 2053 438 2116 tellus
453 2053 556 2134 pulsu
574 2053 693 2116 laxata
709 2051 863 2116 tridentis

141 2163 261 2239 AEolii,
277 2162 416 2225 tumidis
431 2162 589 2226 immittat
603 2161 762 2225 fiuctibus
778 2161 916 2237 Eurum,

142 2270 310 2350 Quamvis
324 2271 396 2334 ieta
409 2291 511 2348 novo,
527 2277 664 2335 ventum
678 2277 813 2335 tenuere
829 2273 976 2354 priorem

141 2382 305 2465 AEquora,
321 2382 543 2464 nubiferoque
559 2383 661 2464 polus
678 2400 755 2444 cum
771 2381 911 2445 cesserit
925 2380 1029 2457 Euro,

141 2490 304 2556 Vindicat
318 2492 411 2555 unda
430 2490 570 2554 Notum.
596 2491 725 2555 Facilis
740 2491 802 2553 sed
822 2495 950 2552 vertere
965 2493 1095 2552 mentes
1172 2489 1244 2554 460

141 2600 262 2665 Terror
277 2607 359 2680 erat,
376 2601 582 2682 dubiamque
603 2601 704 2665 fidem
719 2599 855 2695 fortuma
871 2597 1012 2662 ferebat.

174 2763 345 2810 macutum.
412 2759 719 2821 445prputentur,etigne.
784 2761 834 2805 447
836 2757 929 2822 furore.
994 2760 1043 2808 456
1051 2758 1122 2818 poten
1133 2757 1208 2806 telius.

79 2831 82 2836 ·
173 2828 222 2875 456
232 2827 353 2872 nutrientis.
451 2828 499 2872 458
512 2823 577 2870 Noto.
660 2828 708 2874 459
722 2824 854 2872 concesserit.
948 2825 994 2872 461
1005 2823 1102 2884 gerice,
1112 2823 1213 2870 renem.-

173 2964 231 3011 442.
250 2961 300 3008 Non
310 2964 393 3022 perdat
402 2961 468 3024 itan]
486 2962 551 3008 Perit
567 2962 612 3008 iter
629 2963 680 3008 Cae·
704 2961 843 3021 postvarios
854 2961 975 3007 condictus
984 2961 1075 3017 mentia,
1086 2960 1140 3006 hinc
1152 2960 1242 3007 studio·

143 3026 198 3081 uari,
214 3026 238 3072 in
255 3042 302 3086 quo
317 3027 458 3074 convincit
492 3029 530 3072 lta
550 3026 623 3074 inira:
642 3027 681 3072 Sic
705 3042 755 3072 rum
766 3035 790 3071 et
800 3024 855 3071 iidei
871 3040 926 3085 erga
936 3025 1081 3086 Pompeium,
1097 3024 1153 3072 inde
1164 3032 1242 3073 metus

143 3091 213 3137 hortea
224 3091 282 3137 mihi
294 3092 364 3140 deesse
382 3099 454 3144 rrocet,
470 3091 620 3152 domnumque
636 3106 680 3151 pn·
706 3089 815 3137 Caesaris:
828 3090 906 3136 vicere
923 3090 1017 3137 mudena
1034 3089 1111 3136 studia
1128 3094 1152 3135 et
1171 3089 1240 3136 fiderir

143 3164 208 3202 tatur
220 3155 349 3212 Armorum,
365 3155 410 3201 nisi
422 3157 461 3216 qui
471 3157 530 3202 cinci
539 3165 633 3215 potuere
644 3171 680 3202 re·
705 3163 780 3200 meins
796 3157 933 3214 fortunaque
950 3154 1058 3201 Caesaris.
1074 3155 1099 3200 in
1114 3155 1240 3217 Compara-

52 3275 59 3291 .
141 3220 235 3280 pellent.
258 3222 324 3266 Grut.
348 3220 497 3281 manuque
521 3220 601 3282 bottis]
620 3221 680 3266 Con·
705 3220 768 3265 tione
789 3220 867 3279 itaque
884 3221 994 3266 Austrum
1018 3233 1074 3280 cape
1094 3217 1243 3279 Pompeium,

142 3299 221 3331 nexae
248 3291 274 3330 ut
295 3300 341 3331 uuo
361 3284 462 3330 nondum
482 3284 546 3330 finito
568 3285 681 3344 inciperet
705 3286 794 3330 Eorum
811 3284 933 3337 Caesarem,
952 3299 1015 3330 mare
1034 3283 1154 3345 pupulam.
1174 3281 1240 3345 Pug-

144 3349 214 3396 uiiud.
232 3349 314 3408 Sulpit.
704 3357 787 3409 uaeque
798 3348 887 3403 minaci,
899 3346 955 3408 δια]
973 3348 1030 3393 Siva
1039 3349 1070 3393 ob
1079 3354 1183 3394 veterum
1190 3346 1242 3394 vic·

175 3416 231 3462 444.
251 3414 354 3460 Patiente
370 3413 452 3468 camno,
469 3412 525 3475 dra]
542 3414 596 3459 Non
608 3413 680 3473 impe·
705 3414 818 3458 turiurum
834 3411 975 3466 memorium,
986 3411 1070 3472 quibus
1085 3408 1242 3458 ioirnidabiiis

144 3477 231 3531 diante,
247 3479 366 3524 transitum
377 3479 530 3538 permittente.
705 3484 755 3523 erat
773 3477 913 3539 Pompeius:
930 3477 981 3523 sive
994 3476 1057 3536 qnod
1068 3490 1099 3522 ex
1110 3477 1169 3522 urbe
1185 3490 1241 3538 pro-

176 3545 233 3590 446.
253 3543 356 3589 Coracessu
364 3543 434 3604 pudet
445 3541 541 3605 trevia]
554 3541 688 3590 Hostiiitef
704 3543 815 3596 fecturus,
827 3541 904 3588 edicto
915 3541 1096 3602 pronunciasset,
1108 3538 1242 3587 habitururn

145 3605 245 3668 passari
257 3607 345 3653 nruluit.
705 3621 730 3652 se
741 3623 783 3668 pro
793 3607 859 3652 hoste
872 3605 982 3666 Reipubl.
994 3605 1179 3666 quicunque'aua
1191 3618 1241 3650 aaa·
1297 3615 1305 3623 ·

176 3673 234 3718 447.
254 3669 363 3732 Varioque
377 3671 459 3736 fucore
483 3671 604 3732 Aucimtes,
622 3670 679 3733 dtu]
706 3678 741 3716 tra
753 3686 800 3716 non
811 3677 873 3718 esset
883 3677 989 3715 secutus:
1001 3669 1123 3730 sinequod
1133 3668 1242 3731 princeps

145 3736 289 3782 Goeaarcmne
308 3735 446 3798 reciperent,
464 3752 493 3783 an
504 3737 600 3784 Senatus
611 3738 680 3784 Pom·
705 3735 816 3790 civitatis,
837 3749 947 3781 summam
965 3735 1061 3780 haberet
1076 3732 1242 3781 anctoritatem

144 3800 239 3862 peiiqua
250 3801 412 3847 auctoritatem
424 3807 551 3848 tuerentur.
705 3801 735 3845 ob
745 3808 878 3862 perpetuam
891 3799 954 3845 dorni
965 3804 989 3844 et
999 3797 1056 3844 belii
1067 3795 1211 3844 felicitatem.

176 3868 235 3912 448.
252 3863 370 3925 liuentis]
388 3865 522 3926 ingruentis
532 3864 598 3912 belii.
737 3866 793 3913 456.
813 3863 974 3923 Telluapulsn,
984 3859 1041 3923 nc]
1058 3859 1241 3922 Strongylen·

177 3931 237 3977 449.
253 3929 370 3991 Cessare]
388 3931 528 3976 Deiecturae.
704 3927 1242 3988 trumAEoii,qn01nwtcntesceutostempertu·

177 3996 234 4043 450.
251 3994 360 4055 Abrupta,
374 3993 430 4055 &c.]
448 3992 576 4056 Praecipiti,
597 3993 680 4040 tumui·
704 4002 779 4054 terque
790 4000 877 4039 ammas
893 3990 987 4052 Imperio
1002 3992 1086 4051 premit
1096 3989 1185 4045 AEolna,
1196 3987 1242 4037 &a

145 4058 230 4105 tuario.
704 4059 768 4119 Virg.
779 4064 801 4105 1.
814 4057 906 4104 AEneid.
916 4072 945 4102 eo
955 4055 1017 4102 enim
1027 4054 1123 4116 respicit

179 4122 680 4184 451.Sunrumq1u0roes.]snorumacer-
737 4124 792 4170 459.
812 4119 900 4182 Poiuass
918 4121 972 4167 Aer.
996 4118 1054 4166 Cum
1069 4117 1177 4181 ceneda]
1203 4117 1242 4166 ln

146 4201 198 4242 vor,
218 4189 255 4234 vel
273 4203 331 4235 saxa
351 4188 449 4234 rotunda
472 4186 594 4233 tormentis
615 4186 681 4233 emit·
705 4186 885 4234 amandavimus.
902 4184 1017 4240 autaiuit,
1030 4185 1166 4231 concesserit.
1181 4182 1241 4230 Gro-

145 4252 224 4298 tendu.
707 4251 761 4296 tius.
1246 4249 1252 4273 ³

178 4319 236 4367 453.
253 4316 349 4364 Pronior
359 4316 386 4362 iu
394 4313 632 4378 Magnornpopnlue]
650 4316 682 4361 m
737 4318 794 4363 460.
814 4312 939 4375 Vindicat]
956 4312 1071 4374 Aequirit,
1081 4312 1174 4360 rericus.
1244 4316 1247 4321 ‘
