2784 4860
337 352 563 422 clvlnls'
584 355 777 425 'BELLI
809 357 937 427 'L'IB.'
962 359 1024 427 lv.

140 526 303 593 Errabat:
327 529 410 593 duro
428 528 614 594 concordes
637 531 766 612 cespite
780 539 916 598 mensas
939 588 941 594 ,

140 639 335 716 Instituunt,
349 645 385 703 'et
398 640 559 722 permisto
579 639 743 704 libamina
757 641 909 706 Baccho.

139 746 315 811 Graminei
328 749 445 811 luxere
460 748 547 812 foci:
566 749 753 832 junctoque
763 750 874 813 cubili

138 855 298 921 Extrahit
319 859 491 922 insomnes
505 859 670 922 bellorum
690 859 958 924 fabula'noctes:
978 888 983 895 ·

139 965 221 1044 Quo
236 969 381 1050 primum
395 969 546 1033 steterint
561 987 694 1051 campo,
711 989 779 1052 qua
793 971 914 1035 lancea
929 970 1049 1036 dextro
1113 982 1116 987 ’

140 1076 282 1142 Exierit.
299 1079 390 1155 dum,
406 1076 484 1162 quae
501 1085 675 1161 gesserunt
692 1079 804 1156 fortia,
816 1080 974 1163 jactant‚'
1158 1148 1161 1151 ,

140 1186 185 1250 Et
196 1188 280 1250 dum
298 1189 405 1252 multa
418 1194 552 1270 negant,
572 1190 663 1270 quod
678 1190 789 1252 solnm
803 1190 875 1252 fata
888 1191 1060 1271 petebant,
1099 1224 1104 1231 ·

140 1295 204 1359 Est
213 1298 345 1360 miseris
360 1303 522 1363 renovata
535 1297 632 1371 fides,
654 1303 757 1378 atque
778 1317 876 1362 omne
891 1299 1038 1368 futurum
1208 1314 1210 1322 ¹

138 1405 257 1470 Crevit
275 1426 388 1470 amore
402 1397 510 1470 nefas.
533 1425 612 1469 nam
627 1411 809 1488 postquam
823 1407 954 1471 foedera
968 1411 1067 1490 pacis

140 1516 288 1599 Cognita
307 1516 453 1592 Petreio,
470 1520 637 1600 sequaci
656 1526 723 1578 sua
736 1516 860 1579 tradita
872 1536 996 1580 venum

141 1626 264 1691 Castra
278 1627 381 1702 videt,
396 1625 541 1689 famulas
555 1626 721 1690 scelerata
736 1625 779 1688 ad
795 1627 918 1707 proelia
934 1627 1071 1693 dextras

141 1736 292 1813 Excitat,
308 1741 408 1818 atque
423 1736 539 1800 hostes
554 1737 652 1800 turba
673 1735 817 1818 stipatus
832 1737 976 1802 inermes

141 1847 341 1931 Praecipitat
356 1848 488 1923 castris,
499 1848 706 1931 junctosque
726 1849 941 1930 amplexibus
956 1868 1037 1915 ense

141 1957 296 2041 Separat,
319 1963 352 2020 et
372 1952 477 2021 multo
494 1957 661 2021 disturbat
675 1958 837 2038 sanguine
852 1977 985 2039 pacem.
1047 2018 1053 2027 ⁴

141 2066 286 2130 Addidit
299 2068 349 2130 ira
362 2067 460 2131 ferox
475 2072 625 2131 moturas
639 2067 763 2149 proelia
776 2087 899 2140 voces:

142 2177 324 2241 Immemor
339 2197 360 2240 o
375 2178 506 2260 paniae,
526 2178 696 2258 signorum
712 2178 815 2241 oblite
830 2182 973 2256 tuorum,

142 2285 225 2351 Non
244 2293 342 2370 potes
357 2288 422 2351 hoc
445 2307 559 2352 causae
574 2289 671 2352 miles
687 2293 848 2369 praestare
868 2287 1024 2365 Senatus,

140 2397 301 2462 Assertor
315 2398 406 2460 victo
421 2397 541 2461 redeas
556 2379 594 2461 ut
615 2397 771 2462 Caesare:
795 2403 884 2460 certo

142 2506 190 2570 Ut
203 2508 341 2571 vincare
356 2514 466 2588 potes.
489 2508 568 2569 dmn
584 2508 717 2580 ferrum,
733 2508 927 2588 incertaque
943 2508 1025 2585 fata,

141 2616 280 2700 Quique
296 2617 378 2692 fluat
391 2619 496 2689 multo
511 2636 580 2678 non
595 2616 701 2679 deerit
713 2615 849 2679 vulnere
866 2620 1014 2699 sanguis,

141 2726 242 2789 Ibitis
259 2722 302 2788 ad
318 2726 514 2804 dominum?
537 2724 762 2806 damnataque
784 2725 881 2806 signa
899 2725 1038 2790 feretis?
1069 2802 1071 2806 y

142 2832 257 2918 thue
272 2834 396 2906 habeat
409 2832 556 2902 famulos
576 2832 671 2901 nullo
687 2831 878 2896 discrimine
894 2832 1011 2900 Caesar

173 3033 342 3092 198pennixto.
409 3034 581 3085 consuerant
648 3033 695 3085 204
706 3037 812 3079 rancato.
848 3029 896 3080 207
907 3032 932 3078 in
939 3047 976 3094 pr.
1048 3027 1198 3097 209jnaotna

141 3211 185 3250 am,
205 3196 268 3241 unde
286 3195 406 3256 digressus
422 3197 503 3241 fuerat.
529 3194 676 3252 Vagsbsntnr
700 3192 827 3246 remulco
839 3199 882 3251 est,
899 3194 999 3243 hostium
1015 3196 1088 3257 signs,
1099 3196 1183 3244 nostris
1194 3213 1231 3246 re-

141 3261 234 3307 interim
244 3259 268 3305 in
284 3261 385 3321 utrisque
402 3260 484 3306 castris
499 3258 598 3318 utrique,
614 3257 673 3302 haud
700 3256 770 3310 lictis,
780 3272 840 3302 nuno
855 3259 965 3318 sequaris.

143 3325 218 3376 aliter,
230 3339 257 3370 cc
269 3324 289 3369 si
299 3339 346 3383 pax
357 3324 479 3370 conciliata
489 3323 578 3368 fnisset.
592 3319 657 3367 Hort.
733 3322 787 3366 213.
806 3318 857 3366 Non
869 3331 929 3382 potes
939 3323 978 3370 hoc
993 3339 1073 3378 causa,
1089 3321 1145 3386 δια]
1162 3325 1231 3383 Quod

175 3393 232 3436 197.
251 3387 317 3433 Duco
323 3389 447 3442 concordes,
455 3385 511 3447 δια]
529 3386 676 3431 Dilatctnar-
700 3385 721 3430 si
731 3400 806 3431 oansoe
817 3393 910 3432 senatus
926 3386 1033 3435 defensor
1047 3403 1093 3434 non
1107 3395 1173 3448 potos
1184 3389 1232 3436 effi-

142 3453 256 3499 mtionem
272 3467 286 3498 a
304 3451 378 3513 signis
397 3450 595 3507 reconciliationis.
618 3450 676 3496 Sunt
700 3464 760 3505 cers,
768 3457 794 3495 ut
802 3448 864 3496 victo
871 3452 962 3498 Gaessre
970 3451 1084 3502 libertatis
1092 3452 1173 3511 patriae
1182 3453 1231 3499 vio-

143 3518 203 3574 enim
211 3516 317 3563 amicitiae
326 3517 437 3576 symbola,
446 3529 675 3573 mensoeoommunes.
700 3520 736 3559 tor
748 3514 829 3560 redeas
839 3530 846 3571 ;
862 3515 943 3562 edun
954 3515 998 3561 hoo
1008 3523 1084 3575 potos,
1093 3523 1120 3562 ut
1127 3516 1172 3564 fide
1184 3533 1231 3565 sor-

144 3580 248 3629 Horteas.
700 3584 753 3624 van
763 3579 918 3638 pugnandum
929 3579 1039 3626 vincaris.
1254 3586 1258 3592 ’

176 3648 231 3692 203.
251 3644 317 3698 Quod
335 3645 404 3691 solnm
415 3644 472 3709 scta
482 3641 603 3703 petebant]
621 3642 675 3688 Col·
733 3644 787 3690 215.
806 3640 868 3688 Dum
874 3643 978 3719 semum,
994 3640 1050 3704 δια]
1068 3643 1176 3701 Qnandiu
1192 3661 1234 3693 vo·

143 3725 195 3780 pern
206 3710 230 3755 in
239 3710 286 3755 san
296 3711 390 3764 confert,
404 3709 615 3756 ntmodovs.194-
699 3705 736 3752 bis
747 3707 829 3752 dextra
840 3713 933 3763 armata,
945 3707 999 3753 dnm
1014 3705 1070 3754 belli
1080 3714 1176 3756 eventus
1190 3710 1232 3756 cd-

174 3779 231 3822 204.
248 3773 320 3836 Atque
330 3787 400 3830 omne,
412 3772 468 3834 &c.]
486 3773 533 3818 Per
549 3773 606 3818 banc
622 3785 675 3816 con·
699 3770 744 3816 hnc
762 3770 863 3817 incertus
879 3777 922 3827 est,
938 3771 1045 3831 quandin·
1058 3771 1146 3820 calidus
1161 3773 1232 3820 uobis

143 3840 245 3886 cordiam
254 3840 308 3884 dats
320 3846 356 3884 est
366 3838 458 3884 nerana
469 3835 540 3882 caedis
550 3835 648 3882 occasio.
700 3840 778 3880 movet
797 3835 883 3881 circum
901 3837 1029 3895 praecordia
1045 3837 1145 3898 sangnis,
1163 3853 1232 3898 quem

175 3907 232 3951 205.
250 3900 309 3948 Nam
318 3910 440 3964 postquam,
456 3900 511 3962 δια]
528 3901 632 3960 Namque
643 3901 677 3946 lo·
689 3914 743 3962 ⁴pro
761 3899 867 3946 libertate
885 3901 970 3946 tuenda
986 3899 1082 3960 pulchro
1100 3901 1231 3958 effundatis,

143 3976 208 4027 gatos
228 3968 258 4013 sd
269 3967 381 4012 Caessrom
395 3969 425 4013 de
440 3982 497 4026 pace
514 3965 631 4019 miserant,
649 3965 675 4010 li-
700 3963 806 4023 placetne
815 3964 936 4010 ‘servitutis
943 3966 1001 4026 jugo
1011 3964 1070 4010 colla
1080 3965 1232 4012 submittere?

143 4033 195 4080 dom
208 4033 236 4078 ab
252 4046 280 4076 oo
296 4031 325 4076 do
340 4047 389 4086 sna,
409 4032 438 4076 de
449 4030 537 4078 Potroii
553 4036 577 4076 et
587 4027 676 4074 Afranii
733 4026 962 4090 217.·Dnmncwqus
980 4030 1045 4092 sigan
1053 4026 1163 4094 feretisl]
1188 4031 1232 4076 Ps-
1325 4050 1330 4054 ·

144 4097 191 4143 vita
201 4096 324 4158 petierant,
341 4111 367 4141 so
384 4095 461 4142 statim
478 4095 544 4156 signa
555 4093 675 4140 translatu·
701 4090 752 4137 tria
762 4091 854 4148 infesta,
864 4093 957 4139 hostilia
966 4093 1069 4153 judicata
1080 4093 1232 4141 Senatnmon·

143 4176 180 4208 ros
190 4160 350 4222 promiserant.
701 4155 770 4212 salto,
781 4157 892 4217 vobisque
903 4157 962 4218 ipsis
974 4159 1087 4204 damnata.

174 4229 230 4273 207.
249 4223 354 4271 Famulus
364 4224 481 4280 scabram,
493 4221 550 4283 δια]
567 4221 676 4269 Utmodo
733 4223 788 4269 ato.
809 4220 881 4283 thue
895 4221 988 4279 babent·
999 4220 1055 4284 δια]
1075 4223 1128 4268 Non
1145 4221 1232 4276 habita,

142 4297 196 4336 nota
211 4290 239 4335 sd
252 4305 285 4336 vs.
300 4292 354 4336 194.
701 4285 783 4345 inquit,
800 4285 961 4342 Bemmannns,
973 4285 1103 4340 differentis
1119 4285 1178 4332 inter
1189 4301 1231 4332 vos

109 4381 114 4393 ·
175 4357 231 4420 212.
250 4353 369 4416 &prorum
379 4354 443 4400 oblite
454 4349 565 4414 tuorum]
582 4349 629 4418 Qui
641 4349 676 4397 di:
698 4357 726 4396 et
736 4364 818 4398 servos
828 4348 911 4398 moleri
927 4357 1039 4398 muetos.
1057 4349 1121 4408 Quid
1137 4349 1159 4397 si
1169 4348 1232 4399 dioc·
