2980 4948
313 405 618 480 SPEGIMEN
646 402 1097 480 ennaremus·
1196 406 1268 475 ’Μ
1408 467 1413 474 .

161 579 244 650 Hoc
257 565 403 650 mersam
418 603 519 650 coeno
534 583 691 662 Romam,
707 599 895 668 somnoque
905 581 1078 668 jacentem
1195 587 1201 594 '
1243 587 1250 596 '

161 693 252 774 Qum
267 697 424 780 poterant
437 701 527 761 artes
542 713 626 760 sana
640 695 769 760 ratione
782 713 930 771 movere,

162 804 211 874 Ni
224 805 327 884 furor,
343 814 377 872 et
390 808 528 886 bellum,
543 807 699 892 ferroque
713 807 828 870 excita
841 794 974 870 lihidol
1144 877 1155 902 ἢ

160 917 246 984 'lhes
260 920 383 986 tulerat
398 919 548 985 Fortuna
562 907 689 1000 dulces3
711 937 799 1004 quos
815 918 928 984 obruit
941 933 1061 982 omues
1114 1003 1115 1007 Ἰ

160 1029 341 1097 Armorum
356 1036 446 1096 strue
461 1031 597 1096 diversa
611 1031 727 1096 feralis
741 1029 850 1113 meo.
1238 1061 1242 1066 ·

160 1139 323 1208 Crassum
338 1141 485 1208 Parthus
498 1142 618 1206 habet:
641 1139 773 1224 Libyco
783 1140 878 1224 J'acet
892 1157 1030 1226 aequore
1046 1135 1214 1224 Magum

158 1250 275 1318 Julius
289 1252 454 1335 ingratam
468 1249 617 1335 perfudit
630 1251 793 1332 sanguine
809 1250 967 1315 Romam.

160 1358 215 1441 Et,
231 1363 338 1448 quasi.
346 1371 415 1428 nori
428 1367 548 1448 posset
561 1365 612 1426 tot
625 1361 743 1426 Tellus
756 1360 842 1425 ferre
858 1361 1028 1446 sepulcre,
1048 1367 1055 1374 '

155 1467 290 1546 Divisit
304 1475 445 1539 cineres.
467 1473 532 1539 hos
547 1473 656 1556 gloria
669 1471 779 1537 reddit
791 1473 948 1538 honores

158 1581 223 1650 Est
237 1584 337 1649 locus
351 1583 470 1649 exciso
485 1585 621 1668 penitus
636 1583 809 1648 demersus
824 1585 930 1662 hiatu,

155 1693 398 1780 Parthenopen
412 1697 508 1773 iuter,
523 1713 724 1780 magumque
738 1695 965 1762 Dicarchidos
980 1712 1075 1778 ma,

157 1803 305 1890 Cocytia
315 1805 478 1892 vperfusus
493 1825 596 1890 aqua,
609 1825 688 1870 nam
703 1805 842 1890 spiritus
857 1813 959 1872 extra

156 1915 230 1998 Qui
245 1917 326 1983 furit
339 1917 467 1982 effusus
481 1915 617 1982 lunesto
631 1918 801 2000 spargitur
815 1923 912 1984 aestu

156 2027 243 2095 Nou
255 2029 332 2094 haec
347 2035 509 2094 aummno
523 2029 624 2094 tellus
638 2030 734 2105 viret,
750 2035 810 2098 ant
824 2029 885 2094 alit
894 2029 1023 2096 herbas

154 2139 298 2226 Cespite
312 2139 414 2205 laetus
429 2159 519 2224 ager.
540 2159 610 2204 non
624 2159 727 2206 verno
742 2161 890 2226 persona
904 2147 1007 2208 cautu
1144 2195 1150 2202 .

154 2250 283 2320 Mollia
297 2251 605 2336 discordistrepitu
618 2253 765 2336 virgulta
777 2254 979 2338 loquuntur:

153 2365 224 2430 Sed
242 2364 359 2442 chaos,
375 2368 410 2429 et
421 2365 518 2447 nigro
532 2365 738 2448 squallentia
751 2367 887 2450 pumice
903 2383 991 2432 saxa

150 2473 319 2541 Gaudent
330 2474 429 2540 ferali
444 2475 738 2540 circummmulata
752 2497 928 2563 cupressu.

154 2585 236 2653 Has
250 2587 337 2652 inter
351 2586 452 2652 sedes
467 2586 559 2652 Ditis
574 2592 671 2672 pater
684 2590 806 2654 extulit
821 2609 892 2668 ora,

153 2699 342 2766 Bustorum
354 2699 511 2776 flammis,
522 2703 562 2764 'et
573 2719 663 2766 cana
677 2720 798 2785 sparsa
811 2700 953 2768 tavida:

152 2809 208 2877 Ac
224 2811 287 2878 tali
301 2812 474 2878 volucrem
489 2811 674 2878 Fortunam
687 2833 775 2880 voce
789 2813 947 2892 lacessit:

153 2921 286 2990 Rerum
300 2923 531 3002 humanarum,
545 2923 983 3012 diuinarumque-potestas,

152 3031 255 3116 Fors,
272 3037 328 3102 cui
342 3035 437 3102 nulla
450 3037 566 3120 placet
578 3037 719 3102 nimium
734 3059 855 3104 secura
869 3043 1034 3124 potestas,

151 3147 246 3230 Quae
261 3169 353 3214 nova
367 3168 500 3233 semper
514 3169 621 3227 amas,
636 3153 671 3214 et
682 3169 766 3216 mox
779 3170 945 3236 possessa
957 3151 1142 3237 relhrquis3

150 3257 292 3344 Ecquid
307 3259 464 3336 Romano
480 3261 585 3324 sentis
599 3265 634 3324 te
648 3259 797 3344 pondere
811 3263 963 3327 dotent

150 3366 189 3435 N
188 3388 232 3434 ec
247 3389 353 3454 posse
367 3370 508 3456 ulterius
522 3371 705 3454 perituram
719 3371 881 3436 extollere
895 3371 1044 3436 molem?

149 3479 240 3566 Ipsa
254 3499 337 3545 suas
352 3480 441 3564 vires
450 3480 529 3550 odit
543 3479 701 3546 Romana
710 3481 883 3565 juventus,

148 3589 197 3660 Et
211 3610 302 3676 quas
316 3593 440 3656 struxit
453 3609 550 3674 opes,
565 3591 653 3654 male
667 3593 822 3657 sustinet.
844 3592 963 3677 aspice
976 3593 1045 3658 late

149 3701 343 3770 Lueriam
357 3702 555 3788 spoliorum,
571 3707 606 3767 et
619 3703 808 3767 censum-iu
822 3701 947 3766 damna
959 3701 1138 3791 terrentem.
1204 3707 1211 3731 ’·

148 3815 342 3881 AEdificaut
355 3833 450 3893 auro,
463 3813 633 3899 sumesque
648 3813 819 3879 adsidere
831 3813 986 3880 mittunt:

148 3925 386 4012 Expelluntur,
396 3945 496 4012 aquae
511 3927 627 3994 saxis:
649 3943 741 3990 mare
754 3925 905 3990 nascitur
919 3925 1030 4004 artior

148 4037 196 4106 Et
210 4043 405 4125 permutata
417 4056 528 4104 rerum
541 4037 687 4104 statione
701 4037 876 4102 rebellant.

149 4151 205 4216 En
220 4152 326 4215 etiam
340 4171 417 4216 mea
429 4169 533 4234 regna
547 4154 677 4234 pemnt.
699 4148 856 4233 perfossa
868 4148 1016 4214 dehiscit

149 4261 311 4330 Molibus
324 4261 456 4331 insanis
469 4261 582 4337 tellus,
593 4259 667 4344 jam
680 4259 852 4324 montibus
869 4259 1000 4324 haustis

148 4373 263 4440 Antra
278 4376 428 4456 gemunt:
440 4376 486 4436 et
500 4371 580 4436 dam
594 4371 709 4436 vanos
722 4369 813 4455 lapis
828 4370 955 4435 invenit
969 4387 1064 4444 usus,
