2784 4860
143 339 208 403 650
454 340 954 413 SUPPLEMENTUH

143 510 276 576 Rursus
290 512 325 575 in
340 531 434 576 arma
448 513 559 594 viros3
583 515 644 579 sed
658 520 859 603 tempestate
872 522 1039 606 repulsus

143 621 185 685 ln
199 628 334 705 portum
344 622 520 707 Hipponis
534 624 675 690 vehitur.
688 646 725 692 se
737 628 856 713 Scipio
871 632 975 697 sentit

141 732 228 797 Cum
240 752 335 805 nare,
344 733 521 815 amissum
542 755 607 799 nec
622 744 756 819 portum
770 740 915 806 evadere
921 748 1029 809 vento

143 842 313 927 Opposlto
332 844 439 909 licuit.
462 845 556 909 clara
569 852 641 910 tum
659 866 745 912 voce
767 848 920 914 dolorem

139 953 300 1018 Testatus
315 955 458 1020 clamat:
481 955 690 1039 pelagusque
709 959 865 1042 ipsaeque
885 962 1068 1043 procella,

141 1062 186 1130 Et
200 1065 367 1148 conjurati
382 1072 532 1149 pugnant
546 1086 608 1149 pro
621 1065 758 1132 Caesare
772 1069 876 1134 venti.

142 1176 197 1241 0h
209 1177 338 1242 utinam
352 1176 492 1260 Thapso
504 1178 717 1256 cecidissem,
733 1184 844 1261 strage
858 1180 1008 1245 virorum

142 1286 286 1369 Mistus3
308 1308 372 1352 nec
383 1293 477 1352 tanto
492 1289 680 1372 placuisset
693 1290 765 1353 vita
780 1294 954 1372 superstes

141 1398 301 1482 Imperio,
322 1397 470 1484 (Ductor
481 1418 612 1463 summo
624 1398 802 1463 Romanus
811 1398 939 1464 honore

140 1507 197 1573 Ad
217 1510 353 1592 Stygias
368 1510 537 1573 venissem
551 1506 690 1593 undas)
710 1514 770 1572 aut
780 1514 858 1573 ante
872 1508 1009 1577 tuhsset
1024 1516 1027 1523 '

141 1620 244 1685 Hanc
259 1621 348 1683 male
363 1625 532 1683 servatam
546 1618 661 1700 potius
676 1617 856 1683 Pharsalia
869 1619 976 1685 vitam

142 1730 254 1810 Quam
269 1730 409 1813 Thapso
424 1729 543 1793 infelix
565 1728 740 1793 duxissem
755 1729 847 1794 bella
860 1730 1022 1809 Senatus,

140 1842 289 1926 Ultaque
312 1840 506 1924 Scipiadem
527 1840 673 1904 vidisses
691 1838 812 1905 Africa
825 1843 966 1907 victum.

139 1954 215 2020 Vos
227 1954 329 2019 clarae
344 1952 510 2036 majorum
525 1951 659 2028 animae,
682 1970 771 2034 quos
786 1949 906 2017 Africa
920 1952 1029 2019 sensit

140 2068 241 2150 Saepe
251 2064 505 2147 triumphantes,
516 2067 553 2126 nt
564 2081 642 2125 oum
654 2060 869 2143 Carthaginis
882 2063 963 2129 altas

139 2177 298 2254 Excidio,
319 2180 507 2258 captusque
527 2172 680 2255 Syphax,
696 2173 858 2257 claraque
879 2173 1018 2257 fugatus

140 2287 316 2352 Hamribal
332 2306 377 2350 ex
392 2285 467 2348 acie
482 2288 657 2360 testantur,
673 2283 746 2348 fata
761 2284 912 2368 Nepotis

139 2398 195 2463 Ne
210 2399 338 2483 pudeat
348 2397 464 2473 vestri,
479 2396 738 2479 miserandaque
746 2396 840 2461 bella
853 2397 981 2463 videre.

140 2512 232 2576 Nam
246 2529 355 2593 neque
370 2527 423 2571 me
439 2506 547 2589 Libye
559 2507 662 2571 vicit:
685 2508 746 2571 sed
761 2507 890 2573 viribus
904 2508 984 2592 ipsa

140 2623 348 2706 Scipiadam,
364 2639 508 2703 seseque
524 2620 595 2683 suis
609 2620 665 2683 hic
681 2617 795 2682 Roma
809 2618 953 2701 subegit.

141 2733 227 2798 Cum
242 2732 353 2816 patria
368 2751 389 2794 a
407 2731 519 2815 patria
532 2730 660 2807 vincor,
675 2730 868 2813 moriorque
884 2728 1028 2795 cadente

140 2844 309 2909 Libertate
324 2842 445 2904 libens.
461 2839 582 2903 misere
596 2839 686 2905 hunc
701 2839 854 2905 Numina
866 2846 1005 2907 ventum
1058 2872 1069 2887 ·
1088 2850 1093 2857 '

141 2953 342 3030 Adversum,
358 2957 396 3016 ut
408 2971 565 3028 morerer,
580 2972 623 3016 ne
639 2970 700 3034 spe
716 2950 855 3015 delusus
868 2950 963 3017 inani
988 2996 1001 3003 --

141 3065 302 3148 Optarem
317 3063 433 3126 forsan
446 3065 540 3125 tanto
556 3080 734 3144 superesse
749 3062 871 3127 dolori.

142 3176 319 3258 Hispanas
333 3173 452 3236 iterum
468 3170 625 3235 Romana
640 3171 684 3236 ad
698 3172 819 3255 praelia
834 3180 951 3254 gentes

141 3284 299 3368 Pompeii
314 3287 438 3365 cogant
447 3281 603 3364 juvenes,
618 3283 778 3366 legesque
792 3284 976 3366 requirant,

142 3397 185 3461 Et
199 3399 386 3460 libertates:
409 3413 487 3458 mea
500 3398 580 3457 tunc
595 3392 730 3456 fortuna
743 3398 885 3476 peracta
897 3400 960 3460 est

141 3509 185 3573 Et
196 3526 389 3592 quanquam
403 3505 479 3568 haee
495 3509 624 3568 armata
638 3522 759 3567 manus
773 3505 953 3571 testabitur
966 3506 1043 3573 orbi

142 3620 201 3684 Me
216 3626 304 3684 terra
318 3618 472 3701 potuisse
487 3615 592 3680 mori:
614 3614 729 3698 placet
743 3634 881 3699 aequore
894 3616 1013 3700 mergi,

141 3731 367 3813 Ignotumque
381 3729 451 3792 illic
467 3728 568 3791 sunus
583 3746 644 3809 per
659 3728 766 3792 saecla
779 3748 925 3795 manere.

142 3843 196 3907 Oh
210 3862 382 3925 nunquam
397 3840 511 3905 veniat
520 3837 655 3902 fluitans
667 3839 712 3903 ad
725 3839 841 3904 littora
853 3838 1006 3921 meua,

142 3955 197 4021 Ne
214 3954 344 4036 Libyca
359 3951 522 4016 condatur
536 3949 638 4014 humo
653 3969 663 4029 ;
684 3949 834 4032 victique
849 3949 972 4016 futuris

141 4065 314 4151 Scipiadae
330 4066 496 4126 ostentent
509 4064 726 4125 monumenta
739 4060 921 4145 nepotibus
935 4058 1012 4125 Arri

139 4178 237 4242 Tunc
253 4178 341 4240 latus
357 4194 436 4238 ense
451 4174 538 4239 fodit
552 4192 562 4253 ς
583 4193 647 4238 nec
662 4193 705 4239 eo
720 4178 899 4239 contentus
914 4173 951 4239 in
964 4192 1086 4260 aequor

142 4287 301 4367 Prosilit;
324 4284 441 4351 emissi
455 4285 585 4369 spargit
598 4302 679 4369 pars
693 4284 978 4353 transtracariuae
