2784 4860
121 308 182 412 'ra
408 344 460 410 M.
495 342 701 411 auumr
736 340 962 411 nunaut

140 489 297 601 Populea
311 516 452 582 tibvium
465 518 560 600 ripas
573 518 749 582 umbrasse
765 532 911 582 corona:
1008 528 1011 532 '
1047 522 1051 535 ¹

140 627 296 712 Cumque
312 628 401 692 diem
415 647 559 711 pronum
574 633 765 692 transverso
780 627 888 692 limite
901 628 1042 703 ducens,

49 748 52 756 “
98 756 101 761 “
140 738 327 803 Succendit
341 738 519 803 Phaethon
532 739 750 821 flagrantibus
766 738 893 803 aetham
906 739 1001 814 lotia,

140 847 341 931 Gurgitibus
355 850 462 933 raptis
476 851 612 932 penitus
626 849 745 913 tellure
764 853 913 932 perusta,

142 957 248 1024 Hunc
262 961 424 1026 habuisse
438 979 540 1044 pares
556 959 720 1024 Phoebeis
734 960 870 1041 ignibus
889 957 1011 1022 undas.
1169 954 1242 1019 415

142 1067 226 1133 Non
239 1071 348 1135 minor
361 1071 416 1135 hic
432 1070 529 1147 Nilo,
546 1071 656 1134 sinon
669 1088 730 1152 per
738 1067 999 1152 planajacentls

142 1177 285 1263 AEgypti
300 1180 451 1263 Libycas
465 1180 569 1245 Nilus
584 1184 755 1262 stagnaret
774 1198 905 1244 menas.

144 1286 227 1353 Non
246 1289 355 1353 minor
376 1290 432 1354 hic
449 1289 551 1367 Istro,
573 1291 640 1353 nisi
656 1290 760 1372 quod,
784 1290 865 1354 dum
878 1293 1030 1372 permeat
1044 1288 1161 1352 orbem

143 1398 243 1475 Ister,
259 1420 401 1465 cosmos
415 1401 452 1465 in
467 1400 630 1483 quaelibet
645 1420 785 1484 aequora
798 1401 910 1465 fontes
1110 1462 1114 1466 .

144 1505 305 1589 Accipit3
328 1511 362 1570 et
376 1506 556 1588 Scythicas
571 1511 644 1575 exit
661 1529 730 1574 non
745 1511 841 1574 solus
855 1510 891 1567 in
905 1508 1045 1570 undas,-
1172 1498 1245 1565 aab

144 1615 349 1680 Dexteriora
362 1620 481 1698 petens
497 1617 621 1680 montis
640 1615 787 1679 declivia
801 1613 941 1696 Tybrim

145 1723 250 1791 Unda
262 1723 357 1803 facit,
380 1723 622 1808 Rutubamque
642 1744 776 1789 cavum.
799 1722 966 1786 delabitur
980 1720 1059 1787 inde

145 1832 402 1914 Vulturnusque
413 1838 513 1909 celer,
536 1840 778 1917 nocturnaeque
798 1834 907 1919 editor
921 1851 1013 1895 aurae

146 1942 285 2018 Sarnus,
308 1946 342 2006 et
356 1941 526 2006 umbrosae
542 1941 630 2005 Liris
645 1961 707 2026 per
719 1960 823 2024 regna
841 1940 983 2005 Maricae

145 2051 300 2118 Vestinis
315 2052 482 2134 impulsus
497 2053 609 2134 aquis,
632 2052 822 2135 radensque
840 2050 970 2115 Salerni
1177 2051 1246 2116 425

147 2162 249 2228 Culta
268 2160 365 2238 Siler,
388 2163 567 2245 nullasque
587 2162 677 2228 vado
693 2162 752 2245 qui
768 2160 889 2227 Macra
907 2163 1057 2232 moratus

147 2269 269 2348 Alnus,
292 2272 415 2334 vicinae
431 2271 597 2353 procurrit
611 2271 647 2333 in
661 2290 801 2355 aequora
815 2271 934 2335 Lunae.

149 2380 298 2465 Longior
313 2380 435 2444 educto
452 2399 521 2462 qua
536 2381 641 2462 surgit
661 2382 696 2445 in
711 2401 791 2448 aera
808 2381 921 2459 dorso,

276 2539 325 2585 411
342 2538 443 2586 uibrans.
574 2540 623 2588 416
640 2536 689 2586 Nec
700 2540 780 2586 minor.
909 2541 958 2588 418
975 2537 1023 2585 Nec
1032 2540 1113 2586 minu.

343 2604 391 2650 425
408 2602 537 2665 radensque.
633 2605 682 2652 426
700 2603 774 2653 Tecta.
870 2605 920 2650 427
933 2605 1056 2664 pereuni.

181 2744 238 2791 412.
256 2741 322 2788 Diem
336 2741 452 2803 pronun]
478 2741 557 2790 Solem
575 2742 682 2805 praecipi-
708 2741 792 2788 Vibius
811 2741 915 2802 agnoscit
934 2740 958 2786 in
979 2740 1083 2788 Tiberim
1102 2742 1243 2793 influentem.

150 2813 204 2852 tem.
223 2804 353 2855 Transverso
364 2807 435 2853 limite
445 2807 549 2869 dusera]
566 2807 637 2854 Avia
647 2823 683 2854 er·
708 2807 752 2854 Est
762 2813 786 2852 et
796 2808 855 2853 alius
865 2807 932 2865 hujus
943 2805 1041 2853 nominis
1053 2806 1155 2868 ligurire
1166 2808 1221 2856 fluv.

149 2877 245 2918 rentem
740 2873 796 2920 422.
815 2868 920 2931 eacan]
938 2872 1036 2931 Propter
1051 2871 1152 2930 riparum
1168 2872 1246 2921 altitu-

159 2975 161 2979 .
182 2937 239 2981 413.
256 2931 418 2997 Flagrantibus
438 2934 509 2996 lotia]
536 2935 641 2981 Habenis
660 2941 684 2981 et
709 2935 793 2981 dinem.

151 3013 219 3044 curra
230 2999 370 3045 ardentibus.
388 2997 461 3047 Idem.
741 3001 797 3048 423.
816 2996 988 3060 Vulturnusque
1005 2997 1084 3060 ceter]
1100 2997 1137 3044 nl.
1148 2998 1247 3062 (iampa-

160 3105 161 3108 ,
183 3064 239 3109 414.
257 3061 393 3124 Gurgitibus
409 3065 489 3123 raptis,
514 3061 570 3124 bru]
588 3061 685 3108 caeteris
710 3062 761 3108 nise.
786 3062 951 3124 Nocturnaeque
967 3063 1039 3110 editor
1056 3077 1120 3109 aura
1137 3062 1248 3129 Sarrana]

152 3128 206 3172 tluv.
225 3127 342 3173 exhaustis
361 3133 385 3171 et
404 3126 535 3180 desiccatis,
560 3127 685 3172 Eridanum
710 3127 746 3171 Fl.
759 3127 798 3186 qui
810 3128 975 3187 perlancanos,
993 3127 1133 3183 Picentinus,
1149 3129 1248 3185 ercen-

151 3206 229 3250 parem
240 3190 311 3236 inisse
321 3189 478 3250 extinguendo
486 3189 632 3235 Phaethonti.
710 3205 783 3248 panos
790 3191 883 3244 labitur,
899 3191 923 3236 in
933 3190 1029 3250 paludes
1039 3189 1145 3246 diffusus,
1162 3207 1247 3257 opacas

183 3257 240 3303 416.
258 3252 309 3300 Nou
326 3256 399 3300 minor
416 3253 453 3300 hic
470 3252 545 3314 Nila]
561 3253 587 3299 Si
605 3259 686 3300 nactus
711 3253 913 3300 ette'trasexhalat
923 3255 1025 3308 nebulas.
1044 3253 1140 3320 chfute

150 3318 329 3365 fnissetterram
339 3318 430 3378 planam
446 3319 599 3377 etjaeeatem‚
615 3316 688 3363 instar
743 3319 799 3364 424.
822 3314 953 3378 Umbruu]
982 3318 1093 3378 Sylvosae'.
1123 3319 1186 3367 Liris
1204 3337 1246 3386 par

151 3381 257 3443 AEgypti,
268 3397 385 3443 perquam
393 3381 461 3428 Nilus
471 3381 553 3428 leniter
564 3381 687 3428 decurrens
711 3397 782 3444 regnu
789 3380 906 3442 Murice]
917 3381 1037 3429 lirisflav.
1045 3383 1176 3444 Campaniae
1185 3386 1248 3434 Min·

151 3452 243 3506 stagnat
253 3461 323 3506 seque
333 3445 445 3493 extendit.
513 3499 515 3503 ¹
712 3447 963 3511 turnsspraeterbaens.
998 3447 1192 3495 Minturnensium
1208 3466 1248 3498 aa·

183 3513 240 3559 418.
258 3509 325 3563 letro,
341 3511 385 3556 uiri
399 3511 465 3570 quod,
482 3507 539 3571 aa]
556 3509 622 3555 Max.
640 3509 688 3557 Eu·
712 3517 760 3557 tem
776 3525 859 3558 namen
878 3511 967 3557 Marica
984 3519 1058 3558 mater
1080 3512 1156 3558 latini
1176 3515 1249 3576 regis,

151 3588 214 3632 ropac
227 3574 539 3635 tluv.unjussuperiorpers
559 3574 688 3632 Danubius,
713 3590 764 3634 quse
774 3576 838 3636 prius
849 3574 916 3621 Circe
925 3577 1008 3622 fuerat.
1042 3575 1145 3624 laetam.
1161 3581 1184 3624 1.
1195 3579 1247 3627 fals.

151 3638 246 3684 inferior
255 3639 316 3683 Inter
331 3644 434 3694 vocatur,
451 3637 524 3693 Dona,
541 3637 638 3694 Danau,
648 3639 688 3698 qni
713 3639 779 3700 relig.
789 3641 888 3698 aap21.
900 3640 969 3686 hodie
981 3639 1124 3704 Gurigiiano.

151 3703 176 3750 in
185 3701 458 3763 agroFrustembelgensi
467 3703 688 3749 nonAbnobamon·
745 3707 801 3754 425.
822 3701 915 3751 Vestinis
930 3705 1041 3764 impulsus
1056 3706 1129 3765 aquis,
1145 3703 1203 3768 bru]
1220 3709 1248 3757 ln

151 3775 184 3821 te,
200 3767 240 3827 (ut
251 3765 305 3812 olim
321 3765 447 3828 creditum)
464 3773 536 3822 onus,
553 3769 592 3813 60.
610 3782 688 3814 amnes
713 3783 780 3828 quem
791 3783 816 3815 se
827 3774 953 3815 exonerant
963 3768 1056 3815 llnmina
1066 3769 1221 3819 Vestinorum.
1244 3778 1247 3784 '

152 3835 258 3888 receptos
276 3829 300 3874 in
311 3829 413 3876 Pontum
425 3831 500 3877 defert
518 3845 561 3890 per
584 3836 607 3880 6.
620 3831 686 3879 ostia.
745 3835 801 3880 426.
825 3832 905 3894 Silae]
929 3832 984 3880 Sive
1006 3833 1094 3879 Silarus
1117 3833 1248 3894 Campania

152 3893 217 3946 Mela
227 3893 268 3939 lib.
281 3896 303 3941 2.
315 3907 366 3952 cap.
379 3897 402 3939 1.
711 3897 766 3942 fluv.
778 3896 818 3958 qni
829 3896 895 3944 alluit
912 3912 979 3958 agros
992 3895 1083 3943 Salerni
1095 3912 1149 3959 opp.
1162 3896 1248 3948 Picen-

183 3959 240 4004 420.
258 3956 687 4020 Seyctucustnundui.]1unnel’on-
711 3960 819 4008 tinorum.
837 3960 920 4008 Macra
940 3961 1059 4022 moretm]
1077 3961 1157 4008 Maera
1177 3964 1249 4026 ligu-

152 4022 232 4069 ticum
711 4025 768 4071 riam
789 4027 818 4071 ab
840 4026 933 4072 Etruria
949 4026 1119 4080 disterminans,
1144 4026 1258 4079 inarare.

184 4086 240 4132 421.
259 4085 391 4133 Dexteriora
407 4095 482 4146 peteres
499 4085 581 4132 montis
591 4086 686 4133 61111111
711 4089 832 4150 prolapsus
847 4092 916 4148 juxta
927 4092 1014 4136 hunam
1029 4096 1123 4150 portum
1140 4090 1250 4159 Etruria,

153 4148 244 4215 Tyrum
256 4149 400 4213 Undufucit,
418 4149 576 4210 Rutubamque
585 4152 685 4213 cunum]
711 4154 878 4214 innavigabilis,
895 4155 948 4214 qnia
961 4155 1069 4201 vadosus.

152 4216 266 4263 Adextra
274 4221 340 4274 perte
351 4213 467 4275 Apennini
479 4215 576 4266 inmare
585 4215 685 4274 Tyrrhe·
742 4221 798 4264 427.
815 4219 903 4280 Ainos]
921 4222 1008 4274 Nares,
1024 4225 1093 4264 rates.

151 4296 207 4332 narn
216 4281 318 4327 nefluunt
331 4278 423 4326 'liberis
438 4294 480 4339 per
498 4277 622 4334 Etruriam,
637 4280 684 4326 Ro-
742 4276 798 4331 428.
817 4282 915 4346 Longior
934 4285 1021 4338 educto,
1038 4280 1095 4343 dra]
1113 4284 1249 4343 Apenninus

151 4362 212 4395 mam
228 4345 326 4403 afluens,
343 4343 436 4400 Tivers5
454 4349 478 4390 et
496 4342 600 4401 Rutuba,
617 4358 684 4405 quem
710 4345 806 4394 Galliam
823 4348 967 4410 prospiciens
983 4349 1007 4395 in
1018 4343 1191 4410 longitudinem
1203 4342 1250 4413 per
