2784 4860
328 360 550 432 CIVILIS
596 360 775 432 BELLI
819 360 931 433 mn.
966 364 1054 430 vll.
1132 360 1138 368 '

138 535 335 600 Castrorum
350 536 482 618 vigiles
497 535 619 600 nullas
631 537 715 600 tuba
729 537 1013 603 verberetaures.
1099 544 1103 552 '
1166 544 1170 551 '

141 643 299 709 Crastina
315 644 388 708 dira
404 645 512 726 quies,
528 648 562 710 et
576 646 723 728 imagine
744 653 881 714 moesta·
892 649 1018 714 diuma¹

142 753 303 838 Undique
318 755 471 819 funestas
488 756 582 820 acies
600 756 701 832 feret,
711 756 862 840 undique
877 759 1016 823 bellum.

143 863 244 930 Unde
259 885 360 949 pares
376 884 515 936 somnos
530 867 668 950 populi„
684 872 887 950 noctemque
901 868 1063 936 beatam?

144 974 175 1039 Ο
191 975 287 1053 felix,
308 977 338 1040 si
359 982 392 1040 te
408 965 463 1040 vel
481 977 531 1041 sic
551 983 616 1047 tua,
632 976 747 1045 Roma
759 978 899 1044 videret.

144 1083 341 1150 Donassent
354 1087 483 1150 utinam
503 1087 636 1170 Superi,
651 1089 851 1170 patriaeque,
872 1090 1014 1174 tibique.

145 1193 270 1272 Unum,
288 1195 425 1279 Magne,
441 1196 543 1273 diem,
560 1217 629 1280 quo
645 1198 707 1262 fati
728 1203 997 1282 certusruterque
1023 1238 1026 1244 ι

144 1304 341 1374 Extremum
355 1308 440 1372 tanti
454 1306 601 1372 fructum
623 1309 801 1391 caperetis,
813 1311 951 1376 amoris·
968 1374 970 1377 ,

142 1415 197 1482 Tu
210 1419 305 1482 velut
314 1415 472 1483 Ausonia
485 1418 584 1483 vadis
599 1421 781 1483 moriturus
796 1420 832 1485 in
843 1421 949 1486 urbe:
978 1431 980 1434 ’
1002 1429 1020 1460 >

144 1526 211 1592 Illa
224 1530 289 1593 rati
311 1549 446 1612 semper
462 1528 504 1593 de
519 1536 553 1594 te
570 1531 637 1593 sibi
658 1530 798 1597 conseia
812 1531 899 1594 voti·

145 1636 225 1703 Hoc
238 1639 351 1704 scelus
372 1638 464 1703 haud
489 1650 639 1722 unquam
653 1640 734 1705 fatis
749 1639 877 1708 haerere
891 1641 1035 1723 putarit,

146 1747 204 1812 Sic
221 1770 258 1813 se
273 1750 389 1815 dilecti
411 1751 578 1815 tumulum
596 1769 732 1834 quoque
756 1749 896 1835 perdere
913 1749 1043 1833 Magni.

81 1926 84 1931 ,
146 1857 197 1923 Te
212 1860 314 1923 misto
327 1860 444 1924 flesset
464 1862 570 1937 luctu,
587 1862 802 1944 juvenisque,
826 1880 1011 1945 senexque,

149 1967 376 2052 Injussusqne
391 1989 494 2051 puer:
517 1971 703 2036 lacerasset
717 1972 808 2035 crine
825 1972 938 2036 soluto

145 2076 292 2143 Pectora
307 2080 501 2157 femineum,
517 2101 581 2146 ceu
604 2082 700 2145 Bruti
715 2081 842 2156 funere,
864 2082 998 2163 vulgus.

147 2185 182 2249 N
183 2208 249 2252 unc
263 2208 400 2272 quoque
421 2191 491 2254 tela
502 2191 584 2254 licet
604 2195 755 2273 paveant·
773 2192 913 2257 victoris
928 2192 1048 2274 iniqui,
1078 2226 1084 2233 ·

147 2295 292 2362 Nuntiet
312 2299 386 2382 ipse
400 2299 482 2364 licet
498 2300 615 2365 Caesar
638 2308 698 2365 tua
719 2300 848 2376 funera,
864 2302 1009 2368 flebunt:

146 2406 217 2472 Sed
240 2409 320 2473 dum
334 2410 432 2476 thura
446 2411 563 2490 ferent,
580 2413 660 2476 dum
675 2414 795 2476 laurea
814 2418 904 2477 serta
924 2413 1082 2478 Tonanti.

214 2584 245 2628 98
256 2597 337 2630 somnos
348 2584 456 2645 populis?
468 2585 547 2647 populi
562 2601 650 2632 somam.
781 2587 813 2636 32
821 2600 908 2633 misnae.
1047 2582 1174 2650 eliserunt.

147 2719 261 2779 Pompeio
276 2737 380 2768 somnum
395 2729 419 2769 ct
437 2725 550 2770 somnium
566 2723 685 2770 interrum—
709 2723 779 2769 busto
790 2731 813 2769 et
824 2722 918 2769 tumulo.

145 2791 215 2845 pent:
232 2801 284 2830 cum
295 2788 393 2834 crastina
407 2788 457 2835 dies
468 2790 558 2849 abunde
570 2791 686 2836 calamita·
742 2790 782 2837 35.
800 2786 882 2848 Fatis]
900 2788 1018 2834 Traust'ert
1040 2785 1175 2833 calamitatis
1195 2801 1248 2836 cau·

147 2857 198 2897 tum
210 2852 239 2896 sit
251 2850 355 2898 allatura.
710 2867 757 2898 sam
768 2853 792 2898 in
805 2853 859 2908 fata,
875 2853 958 2912 quibus
968 2852 1001 2898 ita
1014 2851 1087 2898 visum
1096 2851 1156 2911 fuit5
1171 2859 1197 2898 ut
1214 2851 1247 2898 ita

182 2917 221 2964 28.
242 2913 278 2960 Ua
294 2931 380 2976 speres
395 2932 478 2964 sernum
490 2917 586 2980 populi]
604 2919 625 2964 Ο
641 2919 685 2965 uti·
710 2917 793 2963 misem
804 2924 858 2977 post
867 2917 925 2963 banc
934 2933 1003 2964 unam
1014 2917 1135 2964 aduersam
1145 2917 1249 2978 pugnem

146 2993 199 3024 nam
211 2980 299 3039 populo
312 2982 377 3028 Rom.
397 2982 477 3028 similis
496 2997 588 3029 somnus
603 2991 627 3030 ct
638 2999 686 3030 uox
710 2988 787 3028 tantus
799 2983 842 3037 vir,
852 2984 956 3045 princeps
966 2981 1076 3042 Reipubl.
1087 2983 1251 3046 exstinguere*

146 3050 194 3090 tam
206 3045 272 3090 beata
281 3046 432 3106 contingeret,
444 3062 489 3108 qun
499 3047 633 3096 tavieissim
645 3050 686 3095 ad-
710 3054 756 3093 tnr.
775 3046 878 3092 Hortens.
1302 3090 1305 3097 .

148 3108 250 3170 spiceret
260 3109 298 3155 ille
309 3110 386 3165 talem,
398 3113 471 3170 qualis
481 3111 524 3158 tibi
533 3112 597 3158 risus
607 3129 632 3159 es
643 3129 686 3173 per
742 3113 782 3158 37.
802 3110 831 3158 Te
841 3108 982 3172 mistoflesret
989 3109 1072 3173 tantm]
1091 3109 1190 3168 Quodsi
1206 3110 1247 3156 tibi
1259 3119 1262 3126 ·’

147 3173 296 3220 insomnium!
315 3173 415 3231 Grotius,
426 3177 467 3231 uel,
483 3176 544 3223 uude
563 3177 608 3223 tibi
627 3178 686 3224 alius
710 3175 845 3236 configisset
860 3174 883 3220 in
895 3175 969 3235 putria
985 3175 1058 3232 mori3
1074 3190 1142 3235 quum
1159 3175 1251 3222 solenui'
1267 3229 1270 3232 ‚

148 3238 262 3298 eJ'usmodi
281 3255 374 3285 somnus
390 3239 512 3302 imaginem
530 3243 611 3302 populi
627 3244 686 3289 rete·
710 3240 784 3286 omnis
793 3240 889 3294 ordinis,
898 3255 977 3297 sexus,
986 3240 1070 3296 aetatis,
1077 3240 1173 3287 tuomet
1181 3254 1247 3301 porn-

148 3317 204 3349 reus
215 3303 358 3360 concilietur,
370 3302 433 3350 felici
442 3306 529 3366 utique,
541 3308 561 3353 si
571 3313 594 3353 te
606 3307 643 3353 vel
654 3308 687 3354 ite
710 3320 741 3366 pn
750 3305 841 3351 funebri
852 3304 926 3352 elatus
935 3304 1027 3351 misses.

149 3366 301 3415 somniantem
313 3369 389 3414 Rome
400 3367 507 3416 videret?
742 3371 782 3415 38.
799 3367 942 3431 injustasque
960 3367 1040 3430 poem]
1069 3368 1129 3415 Saul.
1152 3367 1247 3428 conjicit

182 3433 222 3478 30.
241 3430 372 3488 Donassent,
384 3431 440 3497 dra]
458 3434 580 3482 Oabunde
593 3434 686 3481 felicem
709 3433 756 3494 leg.
774 3432 906 3494 lacertisque
914 3447 981 3493 puer.
1051 3435 1053 3438 ’
1244 3467 1245 3470 ¹

147 3500 279 3555 utrumqne,
291 3498 311 3543 si
321 3504 344 3544 et
355 3498 467 3558 Pompeio
477 3506 500 3546 et
508 3496 598 3554 Romae,
607 3515 686 3561 quem·
742 3500 782 3545 39.
801 3497 870 3543 Bruti
873 3495 979 3560 funere]
991 3497 1018 3542 Τ.
1032 3498 1128 3544 Brutum
1137 3497 1254 3544 tiburte.

149 3559 186 3607 ris
198 3561 271 3608 cladis
291 3577 338 3608 sum
357 3562 440 3608 futura
457 3564 535 3618 certis,
552 3564 620 3610 nnius
638 3564 686 3611 diei
710 3579 759 3610 rem
770 3562 842 3616 urbis,
853 3568 985 3608 enatarem
995 3561 1120 3622 Tarquinii,
1136 3568 1266 3631 mamona*

148 3640 235 3672 moram
242 3625 391 3674 indulsissent
400 3627 448 3682 Dii,
456 3628 510 3688 quin
515 3629 628 3689 supremis
636 3645 687 3675 mu·
711 3627 779 3676 Rom.
791 3627 1046 3674 defunctum-luxerunt
1062 3641 1105 3685 per
1119 3640 1210 3683 annum,
1222 3632 1248 3674 ut

148 3691 184 3736 tui
193 3689 277 3736 umoris
289 3691 377 3745 officiis,
388 3693 500 3740 extremis
514 3693 600 3739 osculis
617 3701 641 3741 et
649 3709 686 3741 sa·
710 3698 829 3754 parentem
839 3698 864 3738 et
874 3691 964 3744 violatae
974 3690 1093 3751 pudicitiae
1103 3690 1232 3739 vindicem.
1239 3722 1254 3734 ι-
1268 3687 1269 3691 ’
1339 3702 1343 3713 “

149 3755 262 3802 lutatione
272 3754 409 3802 fruerentur.
683 3763 685 3766 '
742 3759 783 3803 dc.
792 3754 961 3818 Nurreqrmque
969 3756 1022 3810 reta,
1033 3754 1090 3817 dte]
1101 3756 1199 3802 Etnune
1207 3755 1266 3812 vet,

183 3820 223 3868 33.
243 3818 279 3864 Tu
295 3818 548 3885 veternosarum]
565 3822 601 3868 'ln
616 3821 686 3882 profi·
710 3819 783 3868 inrito
795 3819 886 3866 Coesnre
898 3820 984 3867 victore
995 3820 1113 3868 deflebunt
1122 3825 1159 3866 te:
1176 3820 1249 3882 idque

150 3883 245 3931 eiscen's
254 3884 277 3930 in
288 3885 376 3930 bellum
387 3885 471 3933 fidncia
483 3885 589 3933 victurine
598 3887 686 3948 plenus,
710 3886 734 3932 in
742 3885 836 3948 publicu
846 3884 925 3931 teum
933 3900 961 3932 ec
971 3885 1076 3931 victoriae
1084 3885 1248 3946 gratulatione.
1260 3916 1262 3920 ·
1283 3941 1293 3952 ἱ

149 3956 173 3995 et
184 3948 250 4008 quasi
261 3965 274 3994 e
284 3949 365 4008 praelio
375 3950 473 3997 Romam
480 3966 616 3998 reversurus
628 3952 687 3998 etin
743 3953 783 4000 te.
800 3949 843 3996 Sed
852 3950 907 3998 dum
917 3949 1075 4014 tburaferent,
1094 3947 1152 4010 dtu]
1169 3949 1201 3995 Et
1211 3957 1252 3996 tte-1

149 4014 208 4059 urbe
217 4014 348 4061 moriturus.
710 4029 764 4060 men
778 4016 820 4061 bne
830 4020 896 4074 purte
911 4014 998 4070 miseri,
1013 4015 1074 4075 quod
1090 4029 1135 4061 non
1150 4013 1260 4073 publico„

183 4079 223 4125 34.
240 4076 286 4124 ltu
295 4080 341 4124 ruti
351 4093 443 4139 semper,
454 4078 512 4142 dra]
525 4080 600 4127 Roma
608 4095 686 4126 assue-
710 4079 775 4126 lnotn
783 4084 806 4126 et
816 4078 911 4140 planctu
921 4084 1059 4139 conceptum
1068 4080 1097 4124 de
1108 4084 1133 4125 te
1142 4078 1250 4126 dolorem
1263 4135 1267 4144 ι
1334 4112 1336 4115 -

151 4148 174 4188 tn
183 4141 244 4189 rotis
255 4143 325 4189 certis
336 4143 365 4190 de
374 4150 397 4189 te
414 4143 504 4203 tuisque
518 4144 621 4192 victoriis
632 4159 686 4191 eeu·
710 4143 814 4205 profiteri
823 4149 847 4191 et
855 4143 963 4203 persequi
975 4144 1053 4190 datur:
1071 4144 1112 4190 sed
1123 4141 1188 4189 illum
1198 4143 1246 4190 alte

150 4208 204 4253 dem
215 4208 264 4266 jam
273 4207 379 4254 fiduciam
386 4215 530 4269 conceperat.
541 4209 685 4277 nequeenim
710 4215 786 4255 mente
797 4208 948 4269 supprimere,
959 4223 1110 4268 concoquere,
1124 4213 1148 4255 ot
1158 4207 1247 4270 gemitu
1258 4246 1263 4258 t

151 4271 242 4331 putarit
252 4277 298 4319 tem
308 4271 402 4320 crudele
413 4273 541 4320 setnmtibi
552 4273 685 4334 impendere
710 4279 798 4322 tantum
809 4273 902 4320 testari.
920 4273 1031 4320 Nonnulli
1049 4272 1095 4334 leg.
1110 4271 1185 4338 cdere,
1204 4271 1249 4337 vce

151 4344 177 4382 ut
192 4336 272 4395 praelio
284 4336 358 4382 vietus
369 4338 471 4396 lugeres,
480 4338 574 4386 utelibi
583 4353 649 4400 quam
661 4338 685 4384 iu
710 4353 760 4384 rum
768 4339 841 4392 eslere,
851 4337 894 4383 hec
905 4345 949 4402 est,
965 4352 1122 4399 suppressere,
1130 4349 1253 4397 connexe-f

151 4400 225 4461 petria
241 4400 350 4458 ,caderes
370 4401 549 4464 spoliareturqne
576 4402 625 4463 ipse
645 4408 684 4449 tuo
712 4416 742 4449 re.
763 4401 838 4448 Thura
848 4400 938 4464 jerem,
950 4400 1008 4463 dte]
1024 4397 1247 4465 ldqnodin'publle
