2784 4860
1198 213 1211 239 l

336 347 583 424 *crvrnrs
606 355 786 426 nnnnr
828 353 940 422 n1n.
965 351 1041 420 rx,
1146 448 1149 457 ‚
1175 353 1243 420 rar

138 531 344 614 Avulsitque
359 550 474 608 manu,
489 530 630 615 piloque
646 527 754 614 affixit
769 528 892 609 arenis.
1175 527 1242 593 706

139 644 254 709 Parva
268 634 371 708 modo
388 663 527 727 serpens
539 663 548 724 ;
572 642 634 708 sed
649 661 718 726 qua
731 661 800 706 non
814 641 886 706 ulla
900 644 1049 728 cruentae

139 755 287 820 Tantum
302 755 420 821 mortis
435 754 549 819 habet
563 773 644 819 narn
658 753 772 837 plagae
787 752 947 837 proxima
961 751 1095 818 circuni

109 888 116 903 ²
140 867 242 950 Fugit
256 872 357 949 rupta
372 867 472 945 cutiS,
488 867 718 950 pallentiaque
730 872 817 929 ‘ossa
829 862 966 929 retexit·

138 976 286 1059 Jamque
302 977 379 1040 sinu
392 977 475 1041 laxo
490 978 618 1042 nudum
633 981 686 1043 est
703 976 776 1041 sine
793 994 936 1059 corpore
950 975 1086 1040 vulnus.

139 1085 296 1155 Membra
309 1089 427 1150 natant
441 1087 558 1152 sanie:
580 1107 670 1172 surse
684 1087 835 1154 fluxere:
858 1087 933 1168 sine
947 1086 1019 1151 ullo
1172 1088 1238 1154 770
1320 1075 1323 1079 ’

138 1196 300 1279 Tegmine
316 1198 440 1281 poples
455 1202 542 1265 erat:
564 1198 730 1264 femorum
745 1209 882 1282 quoque
897 1196 1073 1263 musculus
1088 1197 1197 1263 omnis

138 1305 306 1389 Liquitur,
322 1312 356 1370 et
369 1307 465 1387 nigra
480 1307 645 1373 distillant
658 1309 798 1391 inguine
812 1311 902 1375 tube.

139 1416 301 1481 Dissiluit
315 1417 480 1498 stringens
495 1423 627 1482 uterum
640 1421 847 1497 membrana,
862 1420 1038 1503 fluuntque

138 1525 304 1590 Viscera:
326 1546 402 1599 nee,
419 1531 582 1606 quantum
596 1532 670 1591 toto
685 1529 728 1590 de
736 1522 887 1612 ‘corpore
902 1530 1014 1608 debet,
1030 1550 1032 1555 ’

139 1636 255 1702 Effluit
269 1637 304 1699 in
318 1642 424 1702 terras
438 1656 445 1699 :
469 1655 601 1701 saevum
615 1637 677 1701 sed
691 1639 843 1704 membra
856 1661 1025 1706 venenum
1053 1663 1057 1667 ·
1175 1641 1241 1709 776

140 1748 330 1831 Decoquit:
354 1748 389 1810 in
404 1746 580 1812 minimum
593 1766 685 1812 mors
700 1748 868 1815 contrahit
883 1752 998 1816 omnia
1010 1753 1116 1818 virus.

139 1859 289 1924 Vincula
303 1879 493 1935 nervorum,
509 1864 544 1924 et
557 1859 699 1924 laterum
713 1863 860 1939 textura,
877 1881 1067 1948 cavumque

139 1973 278 2048 Pectus
295 1979 329 2036 et
344 1974 537 2038 abstrusum
550 1973 645 2038 fibris
656 1971 833 2048 vitalibus,
848 1991 949 2037 omne

140 2082 318 2166 Quidquid
332 2085 434 2149 homo
450 2090 513 2162 est,
529 2085 639 2168 aperit
651 2085 779 2168 pestis
794 2089 916 2148 natura
930 2083 1075 2168 profana

140 2194 252 2259 Morte
268 2200 381 2277 patet:
404 2201 544 2260 manant
556 2196 697 2272 humeri,
712 2183 886 2278 fortesque
901 2195 1041 2260 lacerti:
1174 2197 1240 2262 780

139 2288 249 2383 Colla,
267 2311 438 2389 caputque
453 2307 572 2371 fluunt.
588 2306 701 2371 calido
716 2325 786 2370 non
800 2325 909 2389 ocyus
923 2304 1052 2375 Austro

140 2418 213 2482 Nix
227 2419 378 2484 resoluta
392 2420 504 2497 cadet,
519 2440 583 2484 nec
599 2421 708 2485 solem
724 2438 802 2483 cera
823 2422 993 2501 sequetur.

139 2528 253 2592 Parva
266 2529 407 2611 loquor3
431 2551 556 2614 corpus
572 2532 667 2595 sanie
682 2530 832 2594 stillasse
846 2533 1041 2610 perustum:

140 2639 220 2702 Hoc
237 2644 271 2703 et
284 2640 421 2703 flamma
440 2646 565 2722 potest.
588 2641 650 2704 sed
665 2641 743 2722 quis
756 2658 860 2722 rogus
875 2639 1015 2703 abstulit
1030 2643 1138 2705 ossat

139 2749 229 2813 Haec
246 2771 381 2834 quoque
397 2751 587 2827 discedunt,
603 2755 787 2834 putresque
802 2755 922 2815 secuta
936 2751 1103 2818 medullas
1132 2775 1136 2781 ·
1175 2755 1242 2820 785

139 2859 246 2923 Nulla
270 2880 406 2924 manere
422 2862 536 2925 sinunt
549 2861 661 2943 rapidi
675 2861 820 2948 vestigia
833 2861 913 2925 fati:

138 3023 187 3071 765
198 2987 278 3068 areale.
371 3024 420 3070 768
430 3031 502 3082 rupta.
596 3023 645 3072 769
656 3021 752 3078 nudum,
764 3027 795 3066 est
809 3021 905 3066 audam.
997 3022 1046 3070 769
1056 3022 1148 3070 mttere
1158 3033 1240 3085 peetus.

219 3089 268 3133 777
279 3085 410 3147 Linquitur.
492 3089 541 3132 777
552 3085 674 3146 denium
755 3087 805 3132 773
816 3083 929 3132 Dicetur.
1009 3088 1156 3135 rudente.

283 3153 331 3198 777
334 3154 456 3211 Junctura.
524 3154 572 3199 778
583 3152 712 3198 eburnam.
778 3152 826 3199 781
831 3149 898 3212 fluit.
963 3152 1013 3198 787
1023 3151 1092 3198 cedit.

138 3287 211 3333 multo
223 3288 347 3334 tristiorem
361 3289 433 3335 fuisse
450 3289 511 3336 canit
520 3290 600 3345 Poeta,
609 3304 677 3350 quern
703 3286 785 3348 Sulpit.
803 3288 939 3354 stringere]
956 3290 1119 3339 Peritnneunr.

139 3352 247 3398 dentibus
256 3353 343 3399 intlixit
351 3355 409 3414 Seps
416 3354 544 3410 vulnificus,
554 3369 621 3415 quern
631 3369 678 3399 ms·
735 3355 792 3398 7⁷4.
811 3352 858 3400 Neo
869 3361 987 3416 matum,
999 3353 1056 3418 dre]
1068 3350 1241 3417 Neo'quautnm

139 3433 172 3462 nu
189 3424 313 3464 retractum
329 3418 379 3478 pilo
399 3427 467 3464 terrre
482 3418 555 3465 affixit
572 3418 678 3465 Sabellus
704 3425 837 3478 corruptum
849 3425 887 3466 est
894 3420 1000 3478 excidit;
1017 3421 1058 3468 sed
1068 3421 1144 3468 uritur
1152 3426 1176 3468 et
1186 3437 1241 3470 eon-

139 3477 280 3536 miles‚‘vide
296 3498 331 3529 vs.
344 3484 400 3530 773.
419 3482 523 3530 Horteru.
536 3484 621 3547 sterit]
639 3483 677 3528 In·
704 3482 801 3531 sumitur
812 3489 932 3544 antequam
941 3487 1015 3532 cadet.
1032 3485 1148 3548 Sulpitius.

140 3547 207 3592 hesit
215 3548 332 3602 mordens,
350 3547 431 3607 Srrtpit.
736 3547 792 3595 775.
810 3546 897 3594 Savum
908 3549 946 3596 red
955 3549 1059 3607 mmdro,
1077 3549 1134 3613 δια]
1151 3551 1241 3614 corpus

172 3613 229 3662 766.
247 3611 322 3658 Poma
351 3613 414 3658 modo
433 3610 539 3673 serpena]
565 3611 630 3659 Mole
654 3618 678 3658 et
703 3612 946 3672 venenosbsumptnm
954 3613 978 3660 in
987 3615 1241 3666 minoremruiurodnrn

139 3676 296 3736 magnitudine
307 3676 411 3737 corporis
422 3692 468 3723 non
481 3677 515 3722 ite
525 3691 616 3739 magne,
627 3677 677 3732 sed,
703 3675 823 3736 redigitur.

139 3739 183 3786 &a
201 3740 243 3787 Sed
254 3757 298 3803 qna
309 3757 361 3796 non,
373 3741 429 3805 dre]
446 3743 512 3788 lctus
521 3742 615 3803 Sepiurn
633 3748 677 3788 ste·
735 3743 792 3789 777.
813 3738 910 3789 Vincula
929 3753 1054 3800 neruorum,
1076 3743 1133 3810 δια]
1159 3747 1241 3805 Nervi,

138 3806 179 3851 tim
191 3807 289 3867 putredo
302 3806 412 3866 sequitur.
425 3807 496 3853 Solin.
513 3821 564 3868 cap.
580 3810 619 3852 40.
629 3804 678 3864 ott
704 3812 774 3852 eostre
782 3812 902 3868 cratesque
912 3809 1021 3869 motoris.

137 3869 160 3916 77
172 3873 273 3918 καλεῖται
289 3874 348 3932 παρὰ
364 3869 389 3915 τὸ
405 3871 537 3924 &miseric
547 3869 676 3930 πληγέντας.
736 3873 792 3920 779.
811 3869 923 3936 Natura]
939 3873 1040 3920 interior
1050 3873 1226 3939 corporirprrs.

139 3935 280 3983 Scholiastes
292 3936 414 3982 Nicandri.
736 3937 794 3983 700.
812 3934 931 4000 Murteae]
949 3938 1063 3986 Dilllnnnt
1072 3939 1132 3986 tube.
1310 3993 1312 3997 y

171 4003 227 4049 767.
246 4000 335 4062 Plaga,
347 3999 403 4063 dre]
420 4000 517 4046 Volneri
527 3999 609 4047 ricino.
735 4002 792 4048 707.
811 3998 858 4046 Ne
868 4001 1057 4065 recluserant]
1074 4003 1160 4051 Melius
1173 4019 1240 4066 quern

169 4067 226 4113 768.
245 4064 352 4126 Reterit]
370 4065 482 4112 Nudavit.
703 4065 778 4111 cedit:
793 4071 820 4111 nt
831 4065 945 4114 coherent
955 4082 1007 4114 eum
1017 4075 1125 4131 aptarer.
1136 4064 1239 4117 Grotius.

170 4131 226 4178 769.
244 4130 300 4176 Sina
310 4130 357 4176 loro
366 4128 513 4190 nudarant]
523 4126 676 4176 Orifieiornl-
704 4127 752 4175 Nee
762 4130 827 4178 rotem
838 4144 889 4177 cero
906 4131 1028 4195 sepedum]
1045 4133 1127 4195 Neque
1143 4149 1196 4181 cere
1211 4135 1241 4182 li·

137 4194 199 4242 neris
209 4194 311 4241 dilatato.
321 4194 374 4240 Sine
382 4209 471 4255 corpore
480 4193 583 4255 cultros]
593 4192 675 4239 Cerne.
702 4201 799 4255 quercet
809 4194 917 4242 celerius.

138 4258 209 4321 loque
220 4261 279 4305 aaut
295 4275 405 4320 anquam
419 4273 509 4320 corpore
526 4271 603 4320 ooqms
618 4265 674 4305 erat.
733 4262 789 4308 785.
808 4258 863 4306 Hac
882 4275 974 4322 quoque,
992 4260 1048 4324 dre]
1066 4261 1113 4309 Sed
1133 4261 1171 4310 lrie
1187 4278 1240 4311 esse

138 4323 240 4372 Mortinl.
254 4324 326 4385 epigr.
339 4327 362 4371 7.
373 4325 413 4371 lib.
426 4326 504 4384 spect.
701 4338 792 4386 quoqne
803 4325 961 4373 absumuntur.

169 4390 225 4436 773.
244 4388 368 4452 Dissiluit]
403 4389 524 4437 Dissoluta
548 4395 585 4436 est
605 4386 674 4438 ortu.
