2784 4860
343 365 565 432 crvr-nrs
609 347 942 444 suunt-ura
978 365 1022 431 v.
1167 366 1238 455 eor

141 537 283 621 Cingere
299 539 429 615 Pellaeo
445 561 583 624 pressos
593 543 789 606 diademate
801 543 914 606 crines
1194 543 1238 608 60
1327 589 1329 593 ψ

141 647 368 714 Permissum:
392 671 523 716 savum
538 652 574 715 in
588 654 737 734 populos
752 673 836 736 puer
852 654 983 737 accipis
1000 671 1135 722 ensem:

140 758 255 842 Atque
270 762 399 824 utinam
413 762 449 824 in
464 761 631 844 populos!
655 763 782 827 donata
796 767 849 828 est
862 764 956 845 regia
970 763 1075 844 Lagi3
1133 775 1135 778 ’
1204 752 1206 755 ’

140 869 302 934 Accessit
318 870 437 954 Magni
449 872 608 954 jugulus:
631 893 836 955 regnumque
857 873 966 936 sorori
1221 869 1227 880 ’

140 979 304 1063 Ereptum
323 987 385 1056 est,
402 1000 591 1064 soceroque
612 982 720 1046 nefas.
732 984 806 1066 jam
828 983 928 1046 turba
942 983 1055 1047 soluto
1150 997 1157 1010 ·
1302 1039 1304 1043 .

139 1089 248 1153 Arma
262 1091 347 1173 petit
354 1094 466 1166 “coetu
481 1110 559 1173 quae
576 1112 654 1156 cum
669 1093 868 1176 populique,
891 1093 1064 1174 ducesque
1193 1093 1237 1157 65
1259 1137 1263 1144 -

140 1199 289 1273 Casibus
304 1201 453 1277 incertis,
470 1205 503 1263 et
518 1220 614 1264 caeca
628 1206 720 1267 sorte
735 1207 903 1284 pararent,

139 1309 245 1380 Solus
260 1311 295 1382 in
310 1311 477 1392 ancipites
492 1312 611 1374 metuit
626 1311 830 1375 descendere
847 1311 968 1376 Martis

139 1419 277 1502 'Appius
293 1424 450 1483 eventus:
473 1419 639 1503 finemque
655 1441 853 1504 expromere
868 1443 978 1486 rerum
1067 1429 1069 1433 ’

141 1514 313 1592 sollicitat
336 1549 490 1612 superne,
506 1514 864 1613 multosqueobducta
878 1554 939 1616 per
957 1553 1064 1599 armos
1129 1543 1130 1546 ’

137 1629 312 1721 Delphica
330 1621 462 1703 fatidici
476 1645 603 1704 reserat
617 1642 955 1724 penetralia‘Phoebi.
1161 1695 1165 1700 .
1192 1646 1236 1710 70

183 1747 356 1830 Hesperio
371 1753 511 1825 tantum,
529 1755 691 1833 quantum
705 1756 856 1816 semotus
871 1753 947 1818 Eoo

140 1855 297 1934 Cardine,
314 1858 505 1923 Parnassus
522 1841 656 1942 gemine
678 1861 764 1944 petit
786 1861 912 1925 aethera
927 1865 1026 1940 colle,

140 1965 244 2030 Mons
264 1966 410 2045 Phoebo,
427 1971 632 2052 Bromioque
656 1952 771 2034 sacer:
796 1972 851 2034 cui
866 1975 1002 2036 numine
1018 1975 1120 2038 misto

140 2075 311 2159 Delphica
324 2078 496 2143 Thebanae
512 2079 658 2142 refenmt
672 2081 842 2144 trieterica
856 2081 1016 2146 Baccha.

140 2185 221 2250 Hoc
238 2187 348 2257 solum
363 2188 467 2253 fiuetu
482 2194 588 2253 terras
603 2194 771 2271 mergente
788 2209 952 2254 cacumen
1190 2194 1236 2256 75

140 2336 169 2383 fil
183 2331 315 2381 Permissum
324 2342 370 2382 est:
385 2349 421 2380 se.
488 2337 521 2384 64
531 2334 638 2395 Ereptum
646 2350 675 2381 so.
733 2337 765 2384 69
774 2335 854 2383 multos
863 2337 895 2383 ob.
944 2339 976 2384 71
985 2300 1235 2394 submotus,summuths.

140 2449 203 2507 quod
214 2454 300 2493 tuntum
312 2449 378 2509 pueri
390 2449 465 2494 scelus
475 2448 510 2494 ibi
520 2463 618 2509 regnare
624 2450 675 2509 jus·
700 2449 743 2494 bus
764 2447 856 2508 imperii
874 2446 984 2511 (namque
1009 2449 1104 2506 Aehsiae
1124 2449 1234 2513 praeerat)

141 2512 221 2568 serint,
229 2511 407 2573 ubihlexander
415 2512 616 2558 orbisdominator
624 2529 675 2573 reg·
700 2511 826 2557 antistitem
841 2512 961 2573 Delphicae
978 2514 1072 2570 eortina
1090 2513 1114 2559 iu
1132 2513 1235 2561 intimum

140 2576 203 2622 nevit
212 2583 236 2622 et
247 2576 353 2622 conditus
361 2577 411 2622 suit.
431 2577 535 2623 Hortens.
563 2588 567 2593 “
627 2583 629 2586 ’
701 2575 761 2621 sacri
784 2590 867 2636 specus
885 2584 974 2635 purtem
991 2574 1067 2638 coegit
1086 2577 1235 2635 descendere,

174 2643 213 2687 60.
234 2639 327 2702 Cingere
347 2639 435 2698 Pellae,
451 2640 510 2702 &c.]
536 2642 569 2686 Ut
587 2640 676 2698 Diony·
701 2638 746 2685 &a
758 2639 797 2697 int
809 2654 845 2685 vs.
855 2643 909 2701 120.
924 2647 947 2686 et
958 2643 1014 2698 224.
1026 2642 1090 2687 ldem
1098 2641 1169 2687 refert
1177 2643 1235 2697 01⁰·

144 2704 192 2766 sius
203 2704 242 2764 iric
253 2704 396 2765 Ptolomeus
413 2705 503 2764 Auletae
520 2704 587 2758 filius,
599 2705 677 2750 etiarn·
702 2702 801 2748 siusiib.
814 2705 836 2749 6.
850 2718 900 2766 cap.
911 2707 949 2752 15.

141 2783 196 2814 num
207 2785 267 2829 puer
284 2768 391 2832 Pompeii
406 2779 488 2829 rogatu
503 2767 677 2825 confirmaretur
735 2769 774 2813 69.
792 2765 895 2813 Obducta
900 2768 1036 2829 perennes]
1051 2769 1138 2814 Clausa
1146 2783 1235 2816 cessau-

141 2832 240 2895 AEgypti
262 2847 304 2878 rex
332 2841 524 2892 coronareturque
549 2831 677 2881 diedemate
701 2836 725 2876 te
737 2830 837 2876 oraculo.
848 2831 908 2877 infra
919 2847 978 2877 vers.
991 2836 1079 2878 111.et
1091 2835 1147 2880 131.

142 2897 270 2943 Alexandri
280 2897 360 2956 Magni
368 2896 463 2942 inPella
472 2895 614 2953 Macedonia
622 2910 676 2958 opp.
734 2896 773 2948 71,
792 2893 900 2954 Hesperio
918 2902 1016 2952 tantum,
1037 2895 1093 2957 &c.]
1119 2899 1146 2942 ln
1165 2899 1235 2943 ‘am

142 2960 198 3016 neti,
215 2961 365 3007 Alexandria
382 2961 406 3006 in
421 2961 525 3020 AEgypto
544 2959 676 3005 conditoris.
701 2957 818 3014 umbilico,
830 2960 858 3004 ab
870 2975 953 3005 occasu
964 2965 987 3006 et
999 2967 1051 3006 ortu
1061 2975 1126 3020 aeque
1139 2960 1235 3007 distans.

143 3025 322 3072 sasallera
703 3021 783 3068 Audiit
792 3030 813 3068 et
823 3023 909 3069 medius
918 3024 967 3070 culi
976 3023 1109 3071 Parnassus.
1117 3024 1204 3072 Statius
1213 3031 1237 3071 et

175 3091 215 3136 61.
233 3086 531 3149 Saevnminpopnlos,&c.]
549 3085 679 3133 crudeliter
703 3085 787 3132 Strabo
803 3087 845 3132 lib.
858 3091 880 3136 9.
1112 3093 1135 3113 “

142 3153 203 3200 enim
215 3154 344 3214 imperavit.
735 3153 775 3204 li.
792 3149 904 3212 Gemina]
921 3151 1029 3208 Tithorea
1040 3159 1064 3198 et
1074 3151 1204 3213 Hyampeo.

175 3220 214 3264 62.
232 3215 349 3277 Populos]
367 3217 473 3271 Tantum,
484 3221 508 3261 et
518 3229 565 3260 non
576 3211 600 3260 in
610 3215 678 3261 Pom·
735 3216 775 3260 73.
792 3213 880 3271 Pboebo,
890 3213 1021 3276 &maioque
1035 3215 1115 3276 sacen]
1133 3215 1236 3275 Apollini

141 3281 219 3346 peium
231 3281 299 3327 etium
310 3287 333 3327 et
344 3287 525 3327 sororemtuem.
544 3275 616 3339 Regio
632 3277 678 3324 La-
703 3283 727 3324 et
747 3278 849 3335 Baccho,
868 3277 910 3327 set
929 3281 967 3324 τοῦ
985 3277 1077 3341 aginta,
1094 3293 1191 3340 quorum
1210 3295 1236 3326 u·

162 3344 187 3407 .]
215 3348 320 3404 Regnum
341 3345 447 3405 AEgypti,
466 3344 527 3404 quod
548 3342 679 3397 obtinuerat
703 3343 1235 3403 trunqueeunderuessecumSoleprobatMs·

141 3362 284 3457 &leneus
296 3409 353 3469 Lagi
364 3409 379 3455 i.
392 3410 433 3455 lib.
446 3414 468 3457 8.
482 3423 541 3455 vers.
552 3408 606 3455 692.
704 3407 767 3451 crob.
779 3410 802 3452 1.
815 3406 906 3454 Satura.
917 3422 966 3469 esp.
978 3409 1018 3456 18.
1028 3406 1147 3454 Communi
1157 3405 1235 3468 itaque

176 3477 215 3531 63,
232 3473 328 3525 Accessit
341 3472 423 3536 Magni
433 3469 554 3535 jugulus]
573 3471 604 3515 Et
622 3470 678 3516 tenti
703 3470 767 3516 cultu
773 3470 885 3517 Thebunte
894 3471 1011 3517 Maenades
1020 3471 1107 3516 Bacchi
1115 3469 1236 3526 ministra,

143 3528 244 3585 muneris
256 3544 350 3598 accepta
362 3553 450 3583 merces
461 3553 468 3594 5
485 3533 600 3594 Pompeii,
611 3550 678 3594 quem
704 3533 771 3580 tertio
786 3551 875 3594 quoque
886 3550 945 3580 anno
956 3534 1053 3594 Delphis
1070 3535 1187 3580 celebrant
1201 3551 1236 3583 ss·
1265 3531 1266 3534 ¹

142 3610 168 3648 tu
182 3609 281 3650 tutorem
302 3602 422 3668 habueras,
437 3601 466 3646 sd
487 3609 509 3646 te
528 3597 679 3658 confugientis
703 3598 777 3644 eruin
788 3599 919 3644 memoriam
931 3597 1034 3644 victorine
1045 3598 1152 3644 lndieoee
1166 3599 1235 3647 uite-

144 3659 228 3722 esedes,
239 3667 279 3712 inf.
290 3666 351 3711 libro
363 3668 385 3712 8.
402 3681 437 3711 vs.
449 3668 504 3724 573.
522 3663 597 3710 Saroni
609 3660 679 3722 Erep-
702 3677 729 3707 ro
740 3670 804 3722 patre
820 3663 904 3711 trienni
919 3661 1068 3721 expeditione
1082 3669 1162 3723 partie.
1184 3662 1235 3710 Nu·

142 3730 209 3791 tum]
221 3730 359 3789 cleopatra,
369 3745 420 3789 quae
428 3729 493 3790 regni
502 3728 629 3792 pumirutre
640 3727 679 3772 he·
702 3727 761 3772 mine
771 3725 852 3788 mista]
870 3725 991 3772 Communi
1001 3727 1073 3773 cultu.

144 3811 181 3841 res
193 3801 281 3858 epatre
293 3785 463 3855 relictaiuerst,
735 3793 774 3837 74.
794 3788 933 3851 Tridentum]
961 3790 1031 3835 Sacra
1048 3783 1174 3837 uheteriea
1195 3805 1236 3850 sp·

146 3853 150 3859 ’
176 3862 215 3907 64.
232 3858 351 3920 Socer-oque
368 3855 450 3922 uffan]
479 3855 585 3918 Pompeii
604 3856 679 3902 credes
703 3855 788 3915 pellata
804 3861 924 3914 suntque
940 3854 1237 3915 Liberopstri,evictoris

143 3925 259 3970 subtracta
270 3923 363 3979 Caesari,
376 3922 413 3968 cui
428 3928 452 3967 et
461 3921 583 3976 insidiatus
599 3926 679 3979 postea
704 3925 727 3964 et
745 3918 896 3977 expeditione
914 3917 994 3964 indica
1011 3933 1112 3974 reverso,
1129 3917 1236 3966 instituta

144 3995 193 4034 eret
204 3988 255 4048 ipse
265 4002 315 4032 rex.
332 3985 385 4032 Jcnr
397 3985 464 4032 turba
477 3983 567 4045 solnta]
583 3983 634 4045 Jem
644 3984 679 4030 di·
702 3982 767 4029 fuere
778 3982 869 4029 Thebis.
887 3981 966 4028 Tertio
976 3997 1066 4047 quoque
1077 3998 1135 4029 anuo
1143 3998 1237 4044 perege-

145 4053 214 4098 misse
224 4051 334 4097 concione
343 4065 405 4096 arma
416 4049 564 4111 expedivere.
704 4048 787 4092 bantur
798 4046 953 4107 sumptuosius
964 4053 988 4093 et
1000 4046 1143 4107 splendidius
1160 4047 1189 4093 iis
1199 4064 1238 4094 or«

147 4103 150 4109 ¹
177 4101 678 4176 66.'Caeeasor·tepurcrent.]Eventuigno·
704 4111 758 4170 giis,
777 4126 828 4170 quse
851 4110 947 4171 singulis
969 4110 1033 4157 annis
1056 4112 1234 4160 celebrabuntur

139 4188 165 4226 to
174 4187 198 4226 et
209 4181 315 4235 obscuro.
623 4178 624 4184 ’
702 4175 807 4222 Heriem.

176 4248 216 4294 67.
234 4242 296 4290 Solus
306 4245 332 4289 in
342 4243 455 4302 ancipites,
466 4240 509 4290 &c
521 4239 677 4301 Appias‘eoen·
734 4241 773 4298 75,
792 4237 840 4286 Hoc
855 4237 934 4302 solum,
952 4237 1009 4300 &c.]
1027 4238 1124 4287 Diluvio
1142 4238 1232 4286 ceteris

141 4307 199 4370 tna]
216 4308 241 4354 ls
256 4307 343 4371 (iuquit
352 4302 402 4353 vu.
413 4307 501 4354 Maml.
513 4309 536 4352 1.
548 4321 568 4351 c.
580 4301 617 4368 8.)
629 4304 677 4351 hel·
702 4303 836 4358 submersis,
860 4302 956 4348 alterum
980 4302 1120 4354 ePurnessi
1134 4303 1234 4350 collibus

139 4374 156 4419 ll
168 4372 245 4422 civilis
261 4380 369 4420 eventum
380 4371 501 4434 explorare
515 4369 611 4432 cupiens
618 4368 677 4416 vlri-
700 4368 806 4417 eminuit
823 4366 894 4416 ovid.
906 4371 927 4414 1.
939 4369 1034 4423 Metam,
