2784 4860
146 310 226 417 1166Ι
451 306 953 385 SUPPLEMENTUM‘

143 490 283 577 (Tristis
299 490 377 556 visa
390 489 490 577 licet)
502 460 621 574 posuit
633 492 834 561 fundamina
846 490 964 583 mmm.
1045 568 1049 579 1
1145 532 1152 541 -

144 601 304 668 Moribus
321 601 486 669 Ausoniis
501 605 620 687 primis
635 605 781 667 nutritus
796 604 841 667 ab
857 602 970 683 aunis,

143 715 309 781 Barbarie
325 722 528 800 exutusque,
543 722 603 781 tuo
618 716 736 782 felicia
749 714 896 799 posthac

143 821 315 912 Tempora
332 830 543 895 constituens
558 830 645 904 orbi,
658 827 891 893 moderamine
899 826 1001 911 justo

143 938 354 1005 Commissas
370 942 452 1005 olim
465 942 560 1022 regni
575 941 739 1005 tractabis
753 939 917 1005 habenas.

142 1050 251 1136 (Nam
268 1058 301 1115 te
317 1058 396 1135 post
412 1070 515 1115 casus
529 1056 644 1115 tantos
659 1051 705 1115 ad
720 1050 871 1115 culmina
884 1048 1002 1135 Regni

144 1158 275 1225 Evehet
288 1159 464 1243 Augustus
481 1160 610 1237 Caesar,
625 1162 783 1247 solioque
796 1162 957 1251 locabit.)

143 1268 317 1336 Praeterea
331 1273 489 1336 excultus
505 1271 639 1350 studiis,
653 1275 808 1341 miranda
820 1277 996 1361 relinques
1014 1344 1017 1349 ,

144 1382 278 1467 Ingenii
293 1390 512 1448 monumenta
526 1385 587 1461 tui,
604 1385 795 1471 calamique
809 1388 977 1472 perennis.

144 1494 251 1561 Docti
265 1497 357 1560 fama
372 1497 434 1560 tibi
449 1516 510 1579 per
524 1497 656 1561 saecula
670 1507 797 1567 cuneta
808 1501 973 1567 manebit.

185 1607 255 1672 Sed
267 1629 336 1673 non
352 1608 541 1674 Pharnacis
557 1610 697 1693 captiva
711 1609 890 1689 Quritibos
903 1630 968 1677 ora
1037 1668 1040 1673 .

142 1721 292 1786 Armeno
308 1722 420 1805 potuit
434 1721 552 1787 Caesar
566 1727 754 1787 monstrare
768 1722 953 1809 triumpho.

143 1831 207 1896 Ille
222 1834 304 1915 fuga
319 1835 439 1897 evasit.
462 1833 596 1897 vehitur
608 1834 771 1918 firgierrtis
784 1836 918 1919 imag03

142 1943 188 2010 Et
201 1946 317 2023 Varo,
332 1946 439 2022 Vrnr,
453 1944 556 2023 Vrcr,
569 1947 635 2010 tria
648 1947 918 2035 rerba-superbo

143 2056 325 2121 Portantur
340 2078 440 2122 canu
454 2063 562 2123 totum
576 2060 748 2124 narrantia
762 2059 901 2137 bellum.

187 2169 365 2234 Romanos
381 2170 526 2249 animos,
542 2171 621 2253 plus
637 2190 740 2253 quam
752 2168 955 2253 spectacula
965 2158 1066 2251 riva,

140 2279 268 2346 Tristia
282 2282 354 2345 fata
368 2281 506 2345 Ducum
519 2279 647 2345 tabulis
662 2281 801 2364 depicta
813 2282 1011 2349 movebant.

141 2393 219 2458 lllic
235 2400 360 2458 moesta
373 2393 468 2458 videt
482 2392 600 2457 civilia
612 2392 753 2457 vulnera
767 2391 893 2470 Roma,
932 2398 936 2405 '

140 2506 185 2571 Et
199 2508 356 2591 proprias
371 2507 465 2589 luget
480 2505 613 2587 clades3
635 2504 708 2569 illic
722 2524 788 2569 sua
802 2505 948 2589 quisque

141 2619 277 2684 Funera
291 2618 480 2694 Romanus,
498 2621 712 2700 cognataque
726 2616 853 2683 damna
864 2623 1033 2685 recenset.
1129 2626 1146 2679 .'

141 2732 233 2797 Inter
248 2732 453 2796 Barbaricas
469 2736 610 2812 strages,
626 2733 661 2794 et
674 2728 794 2793 funera
808 2728 944 2821 Regum
1083 2740 1088 2745 '

141 2844 280 2922 Extera,
295 2849 471 2927 magnates
486 2844 618 2926 Libyae,
634 2860 816 2925 caesosque
828 2860 891 2923 per
902 2838 1016 2925 Alpes

142 2955 319 3019 Gallorum
334 2954 500 3018 Proceres
512 2974 521 3032 ;
544 2954 683 3036 proprio
699 2973 769 3037 qua
781 2954 933 3037 pingitur
945 2971 1037 3021 auso.

82 3088 88 3102 ·
141 3065 222 3132 Rex
235 3067 258 3132 J
259 3067 329 3132 uba
342 3066 526 3131 transfixus
541 3067 702 3132 convivia
712 3071 839 3131 moesta
852 3069 1050 3144 cruentans,

141 3178 395 3260 Demersusque
411 3178 465 3240 sui
480 3176 554 3239 Nili
569 3176 778 3243 Ptolemaeus
792 3179 830 3243 in
843 3178 956 3257 undis,
1104 3228 1109 3247 -.

142 3292 376 3357 Monstrantur
390 3289 499 3353 latiae
514 3294 652 3367 mortes,
667 3291 917 3375 absumptaquo
930 3290 1035 3369 bellis

142 3403 299 3468 Maxima
314 3402 483 3467 Caesareis
500 3401 669 3466 Romanae
683 3403 824 3467 nomina
837 3403 958 3485 gentis.

141 3517 212 3583 Hic
229 3537 307 3582 cum
322 3515 419 3597 Rege
433 3514 528 3581 Juba
541 3514 709 3591 Petreius,
725 3513 888 3579 Afranius
902 3514 997 3580 illie:

141 3629 218 3695 lllie
234 3629 430 3712 Torquatus
443 3627 603 3703 moriens,
618 3626 674 3690 hie
690 3626 789 3691 Sulla
797 3628 950 3712 jacebat.

141 3741 218 3806 Nec
233 3742 355 3826 procul
369 3739 449 3804 binc
463 3738 575 3804 oculis
589 3744 780 3820 agnoscunt
793 3740 953 3805 flentibus
967 3758 1045 3807 orm

140 3853 327 3938 Scipiadae,
343 3852 453 3937 puppi
464 3851 538 3936 jam
554 3848 741 3915 desilientis
757 3851 802 3915 ab
817 3850 898 3915 alta.
1158 3900 1162 3909 .

140 3963 192 4029 Te
208 3984 356 4049 quoque,
372 3965 498 4028 Sancte
514 3959 614 4036 Cato,
628 3960 815 4026 fodientem
828 3962 966 4029 viscera
977 3960 1122 4051 ‚dextra
1141 3992 1149 4001 ·
1189 3962 1192 3967 ’

140 4078 185 4142 Et
198 4076 395 4162 properanti
411 4076 534 4139 animae
549 4075 758 4138 lacerantem
766 4072 914 4151 uulnera
928 4072 1105 4139 coruunt·
1152 4124 1156 4131 .

140 4187 269 4254 Verum
283 4188 370 4251 inter
384 4186 570 4250 Procerum
584 4186 636 4250 tot
649 4190 776 4273 mortes
790 4202 861 4249 uua
872 4186 1017 4277 tacetur
1074 4238 1077 4243 .
1171 4184 1183 4217 ·'

141 4298 219 4366 Nec
234 4299 361 4366 tabulae
377 4297 511 4364 moestis
526 4301 716 4366 monstrare
730 4294 925 4374 Quiritibus
937 4292 1069 4365 audem
