2784 4860
333 362 560 435 crvrurs
598 367 779 437 auum
822 318 933 438 ula.
968 371 1018 438 n.
1193 374 1236 438 es

130 546 204 612 Ora
217 547 350 622 videns,
366 545 457 610 curis
473 545 856 621 animummordacibus
871 547 975 628 angit,

131 657 182 721 Ut
194 663 321 722 reseret
335 657 490 740 pelagus
507 662 712 741 spargatque
727 678 789 740 per
810 677 951 741 aequora
966 658 1104 724 bellum.

131 770 236 854 Saepe
252 768 347 833 Noto
363 768 486 852 plenae,
503 768 678 851 tensisque
693 768 892 832 rudentibus
909 772 997 832 actae

133 880 219 964 Ipsa
233 880 338 943 maris
353 899 414 962 per
429 879 580 943 claustra
596 883 686 942 rates
701 878 955 961 fastigiamolis
970 935 973 943 .
1219 944 1222 948 ,

95 1078 97 1082 .
133 989 338 1055 Discussere
355 990 441 1067 salo,
454 989 671 1073 spatiumque
687 987 810 1052 dedere
827 989 974 1053 carinis:
995 1050 998 1052 ,
1168 989 1237 1056 685

132 1102 306 1186 Tortaque
318 1104 551 1186 per-tenebras
566 1101 692 1166 validis
706 1101 846 1165 ballista
860 1100 1009 1178 lacertis,

135 1211 326 1277 Multifidas
337 1213 493 1296 jaculata
507 1213 613 1277 faces.
638 1211 687 1276 Ut
700 1217 855 1296 tempora
869 1210 1006 1275 taudem

134 1322 285 1387 Furtivae
301 1324 461 1406 placuere
477 1323 586 1407 fugae:
610 1343 652 1387 ne
667 1323 927 1387 littoraclamor
981 1383 992 1398 ,

133 1433 306 1498 Nauticus
321 1436 481 1517 exagitet,
501 1456 569 1500 neu
583 1436 732 1500 buccina
747 1433 878 1498 dividat
891 1432 1005 1508 horas,

133 1541 215 1608 Neu
229 1546 313 1608 tuba
327 1547 548 1628 praemonitos
563 1545 728 1629 perducat
743 1546 788 1608 ad
805 1563 944 1628 aequora
950 1547 1080 1632 „nautas
1171 1542 1235 1608 690

134 1650 308 1743 Praecepit
324 1656 440 1720 sociis.
452 1656 526 1740 jam
543 1661 695 1739 coeperat
708 1655 829 1720 ultima
842 1654 951 1736 Virgo

133 1761 305 1828 Phoebum
319 1767 446 1831 laturas
462 1772 537 1831 ortu
551 1766 745 1849 praecedere
760 1765 897 1841 Chelas,

133 1872 222 1939 Cum
238 1877 334 1940 taciti
350 1878 481 1940 solvere
497 1884 597 1943 rates.
613 1896 683 1940 nen
698 1875 848 1940 anchora
867 1894 973 1942 voces

135 1988 259 2068 Movit,
277 1991 356 2054 dum
372 1992 494 2074 spissis
510 1991 665 2055 avellitur
678 2009 787 2081 uncus
802 1987 933 2053 arenis:

169 2151 216 2197 681
228 2152 327 2197 animum
337 2153 405 2199 curis.
431 2143 433 2146 ⁵
482 2154 530 2202 689
541 2159 675 2216 pernegatque
684 2165 724 2211 per
735 2166 774 2213 eq.
786 2149 873 2196 bellem.
886 2147 986 2209 bellumq.
1001 2161 1042 2208 per
1052 2163 1091 2210 eq.
1101 2156 1200 2210 spergat.
1239 2173 1242 2177 ·

185 2218 235 2265 684
246 2224 304 2262 retes
314 2232 336 2275 p.
348 2233 368 2264 c.
379 2217 455 2265 merb.
584 2221 632 2267 689
643 2232 670 2262 ne
681 2217 730 2262 bac.
861 2216 910 2262 690
923 2211 957 2260 Ne
966 2213 1029 2266 tubo,
1041 2211 1088 2259 Nec
1099 2214 1174 2261 turbu.

267 2283 462 2342 690permorritos.
625 2285 674 2329 690
685 2280 789 2328 dedecet.
952 2281 1000 2328 693
1009 2279 1095 2324 tacitos.

135 2403 215 2451 fauces
233 2422 319 2468 aggere
336 2408 470 2467 praeclusas,
485 2409 547 2456 omni
562 2410 639 2457 studio
650 2416 674 2456 et
731 2411 786 2458 691.
803 2406 856 2454 Jom
868 2403 1149 2469 carperatnltimal'irgo.]
1163 2406 1234 2454 Vide-

135 2471 256 2518 oousmiue
267 2471 365 2528 laborat,
379 2479 405 2519 ut
414 2473 503 2521 ratibus
515 2475 613 2521 Caesaris
622 2491 673 2536 per·
700 2481 736 2519 tur
747 2480 815 2534 poeta
826 2488 857 2519 ex
868 2472 960 2519 Helisci
975 2471 1076 2532 Virginis
1089 2477 1154 2517 ortus
1171 2478 1235 2518 uota·

135 2535 362 2597 ruptisresractoque
371 2553 455 2600 aggere
463 2540 524 2586 viam
534 2539 579 2588 sihi
586 2541 674 2600 aperiat
698 2539 760 2585 tione
776 2539 870 2585 inuuere
887 2537 1023 2599 Pompeium
1040 2534 1174 2582 Brundusio
1188 2536 1236 2583 dis·

138 2599 307 2659 Dyrrhachium
316 2605 446 2662 trajecturo.
568 2627 573 2642 a
699 2603 798 2649 cessisse
810 2604 853 2649 sub
866 2601 1015 2662 AEquinoctio
1026 2600 1158 2647 Autumnali
1172 2600 1236 2647 circa

171 2666 228 2713 689.
249 2665 280 2712 Ut
297 2675 380 2714 reseret
396 2665 509 2730 pelagus]
535 2670 569 2715 Ut
588 2668 675 2730 aperiat
698 2668 800 2713 mediam
814 2668 990 2728 Septembrem:
1007 2682 1059 2711 cum
1071 2682 1101 2710 ex
1118 2665 1236 2711 Ciceronis

138 2743 209 2787 mare,
228 2738 252 2782 et
268 2732 348 2778 obices
365 2733 446 2779 solvat.
465 2732 546 2792 Sulpit.
568 2733 675 2796 Spargut-
699 2732 815 2792 epistolis,
825 2738 849 2777 et
860 2731 1035 2777 Commentariis
1050 2731 1081 2775 de
1097 2729 1158 2774 bello
1171 2729 1236 2776 civili

136 2793 200 2856 que]
222 2796 248 2841 ln
265 2797 426 2843 Macedoniam
443 2798 563 2844 transferat
581 2799 673 2844 bellum.
698 2796 838 2859 (Qaesarisue
848 2795 884 2840 illi
893 2797 947 2851 sint,
956 2795 1028 2856 Oppii
1039 2794 1078 2840 vel
1087 2792 1173 2853 Hirtii)
1181 2809 1236 2841 cou-

138 2858 187 2905 Atti
198 2861 314 2906 machinas
326 2861 421 2908 bellicus
430 2861 534 2922 dissipet.
700 2854 745 2908 stet
755 2867 855 2921 coepturn
867 2861 910 2906 hoc
922 2860 1008 2906 bellum
1020 2867 1072 2919 post
1087 2859 1187 2914 comitia,
1200 2858 1236 2905 iu·

172 2925 229 2972 683.
247 2924 307 2984 Saepe
320 2923 478 2987 Notoplenoe.]
496 2926 621 2987 Pompeius
636 2943 675 2973 na·
700 2932 767 2976 eunte
789 2925 908 2980 Januario,
927 2925 1055 2972 Ariminum
1075 2929 1099 2968 et
1116 2923 1162 2969 alia
1179 2939 1234 2985 opp.

137 3004 180 3034 ves
192 3004 284 3050 magnas
295 2991 411 3036 onerarias
421 2992 524 3038 turribus
534 2993 601 3037 trium
609 2993 675 3038 tabu·
700 2998 767 3050 capta
775 3007 789 3037 a
796 2992 856 3037 Goes.
866 2990 889 3036 in
898 2989 1025 3036 Februario
1034 3004 1040 3045 ;
1051 2989 1186 3050 Pornpeium
1193 3004 1235 3035 ex·
1285 3008 1289 3016 ‘

138 3053 238 3100 luterum
246 3054 367 3100 instructas
374 3057 403 3100 ad
409 3071 480 3115 opera
486 3056 585 3102 Coesaris
590 3057 675 3103 distur·
699 3055 798 3102 cessisse
809 3055 970 3104 Brundusioin
982 3053 1083 3108 Martio;
1098 3053 1197 3100 rediisse
1205 3049 1234 3099 ad

137 3118 215 3164 huuda
230 3119 380 3179 appellebat3
396 3121 430 3165 sio
447 3121 550 3180 quotidie
568 3121 675 3182 euinque
701 3122 796 3165 Romam
809 3119 931 3175 Caesarem,
947 3119 1061 3166 devicisse
1072 3117 1178 3177 Pompeii
1193 3119 1236 3171 dux

138 3182 223 3237 tundis,
235 3183 334 3243 sagittis,
345 3184 487 3244 reliquisque
495 3185 548 3230 telis
557 3188 676 3246 pugnaba-
700 3199 747 3239 ces,
763 3184 890 3230 Marcilium
905 3198 1048 3245 oppugnasse
1066 3182 1145 3228 eudem
1156 3180 1235 3228 aestate

139 3254 185 3301 tur,
194 3263 245 3309 quar
255 3263 334 3302 naves,
343 3255 370 3294 ut
381 3249 430 3295 vult
442 3251 500 3296 Luc.
512 3252 675 3309 aggeremCae-
700 3247 819 3308 sequeuti3
834 3249 918 3295 deinde
935 3264 993 3294 auno
1018 3247 1041 3293 in
1057 3246 1173 3292 Pharsalia
1195 3247 1235 3294 do·

138 3312 198 3358 saris
216 3313 359 3373 diruperunt,
370 3320 531 3359 auctortamen
548 3313 674 3361 Commeat.
699 3319 833 3374 pugnatum.
854 3313 897 3358 Dio
907 3320 981 3359 tamen
989 3310 1077 3366 scribit,
1094 3310 1235 3359 Autumnum

139 3376 260 3423 dimidiam
271 3377 313 3423 vir
324 3378 401 3440 operis
411 3385 500 3438 partem
511 3392 525 3423 a
538 3378 596 3426 Ces.
607 3380 676 3426 effec·
693 3380 746 3436 jam
756 3377 838 3424 exiisse.
850 3377 889 3424 lib.
903 3382 942 3426 41.
958 3375 1042 3439 Uitiqrc
1052 3375 1135 3438 virga]
1147 3375 1234 3424 Ultima

140 3448 186 3488 tam
198 3443 276 3488 refert.
700 3442 798 3501 virginis
807 3442 868 3503 signi
879 3442 973 3488 Zodiuci
988 3456 1050 3501 pers,
1065 3455 1133 3500 quam
1147 3438 1236 3503 excipit
1304 3440 1308 3449 '

173 3509 231 3553 68⁷.
251 3506 283 3554 Ut
291 3515 396 3568 tmpore,
413 3505 469 3569 hta]
485 3507 618 3567 Pompeius,
636 3509 676 3554 sd-
700 3507 777 3563 libra,
796 3523 847 3565 quse
866 3506 952 3554 dicitur
969 3505 1055 3559 chetae,
1072 3504 1204 3566 pendetque
1222 3519 1236 3552 ι

141 3579 213 3618 ventu
223 3571 316 3618 navium
327 3587 341 3617 s
351 3573 407 3619 Cos.
418 3572 562 3631 Dyrrhachio
570 3572 676 3619 remissa·
700 3572 773 3632 prima
784 3571 919 3631 Scorpionis
929 3577 1002 3631 parte.
1020 3567 1126 3616 Hortens.

141 3651 201 3692 rum,
210 3637 376 3696 protectionem
383 3643 457 3698 purat,
467 3652 495 3683 ne
503 3637 626 3683 Caesariani
634 3638 677 3683 mi·
733 3639 788 3685 692.
808 3636 914 3682 Phoebom
925 3635 1019 3689 loturus,
1028 3633 1085 3696 δια]
1103 3633 1152 3680 Sub
1168 3648 1235 3681 auro·

140 3699 195 3746 lites
204 3704 248 3747 sub
257 3702 309 3762 ipsa
319 3701 459 3762 protectione
471 3703 583 3762 oppidum
594 3702 676 3748 irrum-
699 3716 756 3757 ram,
774 3715 813 3746 sen
833 3700 912 3761 potius
930 3716 975 3746 una
992 3715 1044 3746 oum
1058 3714 1147 3755 aurora,
1166 3697 1236 3759 paulo

139 3771 230 3826 parent,
240 3773 321 3827 portus
339 3766 446 3822 obstruit,
461 3767 526 3813 vicos
543 3767 676 3827 plateasque
700 3773 753 3812 ante
767 3773 872 3811 exortum
892 3764 954 3811 Solis
971 3764 1154 3812 Caesariauorum
1171 3763 1235 3809 stati·
1312 3808 1314 3819 ,

140 3831 279 3876 mnsrersis
285 3830 482 3878 t'ossisetsudibns
488 3832 609 3891 presentis
617 3847 676 3892 prse-
701 3845 757 3876 ones
766 3830 877 3890 perrupit.
886 3829 951 3876 Hert.
961 3827 1068 3877 Phoelmm
1075 3825 1234 3890 totores,&c.]
1283 3862 1287 3868 .

142 3893 211 3954 sepit
229 3895 315 3940 milites
333 3896 425 3942 silentio
439 3911 510 3942 nevos
522 3898 676 3943 conscendere
696 3895 800 3943 Videtur
810 3902 835 3942 et
852 3894 988 3940 matutinum
1006 3900 1097 3954 tempus
1115 3894 1235 3948 denotare,

137 3959 216 4018 jubet,
227 3958 273 4006 &u
285 3968 406 4006 comment.
419 3967 441 4008 1.
700 3975 754 4006 oum
764 3966 847 4006 umam
856 3959 974 4020 Appianas
982 3960 1005 4005 2.
1017 3959 1047 4004 de
1054 3958 1100 4004 oiv.
1110 3958 1156 4004 bel.
1167 3959 1234 4004 Rom.

175 4025 230 4072 688.
248 4024 339 4071 Clamor
346 4025 476 4088 Nauticus]
493 4026 620 4072 Nautarum
631 4024 677 4070 sol·
701 4024 837 4084 Pompeium
843 4024 904 4070 circa
910 4023 1133 4084 vesperamsolvisse
1141 4021 1235 4070 scribat.

142 4087 246 4134 sentium
262 4098 286 4136 et
300 4105 324 4135 sa
343 4090 441 4136 invicem
459 4090 626 4138 cohortantium
642 4087 676 4135 ei·
701 4096 726 4135 et
736 4096 817 4135 auctor
827 4094 948 4135 comment.
958 4089 1001 4134 suh
1013 4095 1180 4134 noctemnares
1190 4086 1235 4133 sol·

141 4159 239 4212 λιυσμα.
700 4153 771 4201 visse.
790 4152 887 4214 Chelae]
905 4151 997 4214 Scorpii
1016 4152 1116 4208 brachiu,
1133 4150 1236 4212 qusetri-

176 4219 232 4266 689.
250 4217 371 4280 Boeotiae]
399 4218 457 4276 Quoe
480 4219 611 4282 vigiliarum
629 4219 677 4266 dis-
699 4219 801 4266 buuutur
811 4218 897 4274 Librae,
907 4233 959 4278 quse
969 4217 1090 4276 Virginem
1100 4217 1195 4276 excipit.

143 4279 267 4328 tinctiones
278 4283 378 4330 iudicare
390 4285 456 4332 solet.
733 4285 789 4333 693.
808 4282 861 4330 Nea
870 4281 968 4330 onchmc
982 4279 1061 4344 vocet]
1078 4281 1183 4342 Asiguis
1193 4279 1234 4328 alti

176 4348 232 4394 ⁶90.
250 4346 297 4394 Nee
307 4348 369 4403 tnta,
381 4346 437 4412 dtu]
449 4350 509 4396 *Neu
522 4347 676 4409 talassium
700 4347 788 4397 silentii
796 4347 820 4396 iu
830 4349 885 4410 tuga
893 4345 1007 4410 Pompeii.
1038 4375 1041 4381 ·

140 4411 372 4483 protectionismat
452 4464 459 4473 ,
626 4455 628 4460 .
