2784 4860
139 353 232 419 204·
407 349 472 415 M.
496 347 701 431 ANNAEI
747 347 943 417 Luca-N
952 348 975 417 1-
1020 394 1026 409 .

141 538 321 603 Auxilium
336 556 472 620 sperare
488 538 604 601 casaei
648 536 708 600 Sic
724 536 828 614 fatus,
841 538 887 601 ab
901 537 973 603 alto

140 648 287 732 Aggere,
304 649 378 732 jam
396 647 523 730 tepidae
538 647 674 710 sublato
693 647 773 711 sune
789 648 931 725 favillae,

141 760 332 825 Scintillam
346 766 481 823 tenuem
493 762 683 821 commotos
705 759 803 840 pavit
817 760 853 823 in
867 759 976 842 ignee,
1101 786 1107 795 ¹
1181 760 1247 827 tut

143 869 292 935 Securus
306 870 409 933 belli:
432 868 584 953 praedam
600 868 761 934 civilibus
780 871 884 935 armis
951 920 958 933 .

143 983 217 1048 Scit
231 1002 300 1047 non
320 1002 397 1046 essc
420 1001 532 1046 casas.
565 980 596 1044 0
612 980 693 1045 vitae
708 984 782 1044 tuta
796 981 944 1045 facultas

145 1094 325 1178 Pauperis
348 1094 550 1177 angustique
565 1093 674 1156 lares!
696 1110 874 1157 omnnem
886 1092 1037 1157 nondum

145 1204 325 1271 Intellecta
340 1205 471 1269 Deum!
494 1205 620 1287 quibus
634 1204 700 1268 hoc
717 1205 910 1287 contingere
930 1205 1080 1289 templis,

145 1318 216 1384 Aut
229 1320 342 1402 potuit
355 1319 472 1394 muris,
487 1317 582 1381 nullo
596 1316 764 1400 trepidare
779 1317 926 1381 tumultu

146 1427 307 1494 Caesarea
321 1429 479 1512 pulsante
499 1428 626 1491 manui
649 1434 721 1492 tum
735 1431 835 1510 poete
849 1427 997 1504 recluso,

148 1541 232 1605 Dux
248 1542 314 1605 ait:
337 1539 495 1622 Expecta
509 1539 600 1603 votis
614 1539 746 1623 majora
759 1538 936 1617 modestis,

148 1652 305 1737 Spesque
320 1657 397 1716 tuas
412 1651 495 1715 laxa
506 1651 656 1734 juvenis,
673 1650 703 1715 si
714 1649 816 1733 jussa
830 1655 969 1715 secutus
994 1698 997 1705 ,

149 1763 210 1828 Me
224 1763 321 1829 vehis
337 1762 556 1846 Hesperiam,
571 1782 640 1825 non
660 1761 750 1826 ultra
765 1766 891 1825 cuncta
906 1762 1031 1826 carinae

150 1874 314 1950 Debebis
330 1874 555 1956 manibusque
575 1873 713 1956 inopem
727 1872 868 1936 duxisse
884 1877 1068 1937 senectam.

150 1984 207 2050 Ne
222 2004 323 2050 cessa
337 1985 490 2068 praebere
510 1984 587 2048 Deo
602 1987 662 2047 tua
682 1984 764 2059 fata,
781 1983 910 2047 volenti

150 2096 326 2180 Angustos
342 2098 467 2180 opibus
483 2097 605 2160 subitis
626 2093 768 2179 implete
788 2092 948 2159 Penates.

152 2209 210 2272 Sic
225 2209 331 2272 fatur:
355 2226 548 2290 quanquam
564 2207 700 2290 plebeio
720 2210 831 2270 tectus
847 2208 985 2285 amictu,

153 2319 319 2384 Indocilis
334 2319 469 2401 privata
482 2318 589 2400 loqui.
605 2323 676 2381 tum
691 2337 824 2402 pauper
838 2317 1022 2402 Amyclas:

154 2429 266 2494 Multa
282 2428 419 2513 quidem
433 2429 613 2512 prohibent
626 2434 792 2492 nocturno
816 2430 951 2495 credere
966 2435 1086 2514 ponto.
1188 2429 1255 2495 540

157 2539 248 2605 Nam
264 2541 317 2604 sol
331 2559 400 2603 non
415 2538 535 2602 rutilas
552 2539 693 2603 deduxit
713 2540 750 2603 in
768 2560 911 2624 aequora
924 2543 1044 2620 nubes,

188 2704 237 2750 504
246 2701 344 2762 trqrida.
410 2702 458 2747 507
470 2715 549 2747 casam.
615 2674 745 2749 5071ιιιιιιι.
811 2702 858 2751 531
870 2710 932 2748 tunc.
1007 2702 1056 2750 533
1059 2682 1222 2764 jaoeaatcca

378 2766 426 2815 535
443 2766 574 2812 manibusue.
673 2763 1003 2816 catillamenta

190 2908 246 2955 504.
264 2905 370 2969 Aggere]
387 2907 466 2953 Tboro
481 2919 512 2951 ex
525 2903 576 2965 alga
593 2910 617 2950 et
630 2904 692 2950 ulva.
719 2903 771 2950 ficio
783 2905 1210 2966 tranquillamquietamtqueseuecturu
1223 2903 1259 2953 cir

157 2970 306 3030 Jcmtaptdae
317 2971 373 3034 &e.]
391 2969 501 3031 Suscepit
516 2969 617 3014 sunem
610 2985 634 3015 m
648 2985 694 3029 qno
719 2984 744 3015 ru
754 2969 803 3016 otro
815 2978 839 3016 et
848 2969 911 3016 lauta
919 2970 967 3016 vim
977 2976 1078 3016 acturus.
1097 2968 1201 3017 flama.

158 3036 308 3084 servabatur
302 3051 370 3095 ignis
386 3035 484 3082 crida
463 3049 550 3080 mrcrcm
562 3031 695 3080 Nutrtmea·
752 3034 809 3082 530.
827 3033 864 3081 Ne
872 3050 929 3081 cessa
936 3034 1041 3096 prebere
1056 3031 1113 3095 &e.]
1131 3034 1195 3091 Quin
1204 3033 1257 3083 lsx·

158 3110 182 3147 tc
203 3100 273 3155 uadit,
293 3101 412 3162 rapuitque
433 3097 553 3162 insumite
566 3097 693 3161 flammam.
720 3113 745 3144 es
762 3099 836 3145 sinum
855 3098 884 3144 ad
900 3100 1012 3162 capienda
1027 3098 1141 3146 Mercurii
1156 3100 1256 3147 elbon

158 3166 226 3226 Virg.
237 3168 260 3210 1.
271 3164 364 3212 AEneid.
720 3163 829 3210 Fortume
839 3163 935 3210 missilia
936 3164 1007 3225 ‚quin
1018 3162 1257 3225 pandisforestenui·

192 3232 249 3280 505.
267 3228 385 3277 commotos
408 3228 479 3288 pavit,
499 3226 555 3291 &e.]
588 3226 695 3275 Nutrivit
720 3227 774 3274 luris
785 3235 880 3291 repente
890 3234 915 3275 et
924 3237 1032 3289 tunquam
1042 3244 1085 3290 per
1093 3228 1257 3277 ιοιιιιιιιιιιιΙ

159 3295 282 3349 movendo,
293 3296 367 3341 donec
378 3295 468 3341 flamma
478 3293 560 3340 eluxit
719 3293 832 3340 missurus
842 3309 935 3340 curcum
945 3294 1050 3340 imbrem.

193 3362 249 3408 507.
268 3359 356 3407 Om'tae
376 3368 435 3412 tata,
450 3357 506 3419 &e.]
525 3358 546 3403 0
562 3363 695 3418 paupertas,
753 3359 809 3405 538.
828 3358 970 3419 Quanquam,
991 3357 1047 3423 &e.]
1064 3358 1190 3417 Utcunque
1210 3370 1258 3404 ser·

160 3425 324 3472 incolumitatis
349 3423 450 3485 pignus!
476 3425 579 3470 Deorum
600 3421 693 3469 munus!
720 3422 853 3469 vililmbitu
869 3421 940 3484 (teste
954 3419 1094 3485 Plutarcho)
1111 3422 1151 3468 vel
1165 3420 1258 3483 plebeio

161 3506 226 3549 cujus
236 3497 321 3550 quauta
329 3490 360 3536 srt
369 3490 458 3536 utililas
466 3487 694 3535 nesciuntmortsles
721 3486 830 3535 nuncium
840 3488 957 3545 mentitus,
974 3504 1020 3535 non
1035 3495 1112 3535 tumen
1127 3486 1258 3549 potatum

161 3553 305 3601 Niaccrcil'
296 3571 367 3601 ισιισιι
382 3553 427 3600 ὅσοι
438 3550 491 3615 μέγ’
500 3551 571 3615 ὅιιιιις,
584 3551 627 3599 &c
645 3551 695 3598 He·
721 3551 843 3613 magnilica
858 3552 1095 3615 etsplendidsloqui.

162 3620 221 3666 siod.
754 3620 810 3665 540.
829 3616 1014 3679 Malthaidcm
1022 3616 1082 3681 bro]
1094 3614 1258 3669 Plurimslsss·

195 3686 252 3731 530.
269 3682 444 3747 Decembre]
462 3683 633 3729 operaturum
650 3681 698 3728 uui·
721 3689 957 3742 ternatempeststum
973 3682 1123 3744 prognostica
1135 3686 1259 3729 rehum

162 3765 225 3796 mum
235 3749 363 3809 magnificia
381 3749 551 3795 commodorum
567 3746 697 3807 promissis,
722 3755 784 3794 nocte
793 3762 835 3808 per·
843 3747 916 3794 attam
930 3746 967 3794 Ire
982 3762 1052 3808 aequo
1068 3762 1083 3795 u
1096 3754 1158 3793 tem
1165 3736 1259 3806 penult·

160 3813 294 3874 priusquam
302 3822 425 3873 proponat
441 3812 497 3873 quid
514 3813 545 3858 cit
560 3811 697 3867 laciendum,
723 3819 775 3858 tuat
783 3812 863 3858 solome
865 3810 956 3875 funem
965 3813 1053 3859 Noster
1061 3817 1137 3858 autem
1146 3824 1259 3859 suom

162 3878 344 3940 quidquepetut.
363 3878 467 3925 Hortcns.
487 3875 698 3935 Votismajoramo-
723 3878 788 3938 signu
806 3877 883 3922 omnia
899 3877 1033 3952 congerite
1052 3877 1115 3937 Virg.
1134 3879 1157 3921 1.
1173 3876 1259 3939 θοοῖς.

163 3940 249 4006 dentis]
267 3942 358 4001 ltiajora
368 3942 464 4002 praemia
475 3957 543 4003 quum
553 3956 596 4002 per
606 3942 698 3988 modes·
724 3941 841 3987 accersitis
852 3957 903 4001 qum
913 3941 995 4005 etipse
1004 3942 1075 3990 debet
1085 3940 1151 3989 Anti
1164 3938 1260 4005 eaptus

164 4009 219 4056 tium
229 4015 311 4068 optare
319 4007 396 4053 liceat.
724 4012 748 4052 et
758 4005 892 4068 petrapium.

197 4075 253 4121 533.
270 4072 367 4133 Spesque
386 4080 444 4126 tam,
467 4070 524 4134 &e.]
558 4070 645 4126 Diluta,
668 4071 698 4117 sd
757 4076 812 4122 541
832 4070 891 4118 Nom
901 4071 993 4128 saluca,
1008 4071 1066 4136 &e.]
1084 4071 1259 4121 Solmissos·

165 4137 303 4199 sperandum
313 4136 460 4197 amplissima.
724 4136 804 4184 cidens
815 4153 834 4182 ιιι
827 4137 929 4183 'rutilus
938 4136 976 4192 sit,
984 4144 1024 4184 sut
1030 4136 1208 4184 rubescentibus
1215 4134 1271 4183 dr·-

104 4198 108 4209 '
196 4206 253 4253 534.
267 4200 373 4248 Manebit
383 4199 533 4260 Hesperiam]
546 4199 699 4246 ProiuHes-
723 4203 838 4248 caudatus
858 4201 966 4256 nubibus,
992 4200 1140 4249 summitatem
1164 4198 1261 4249 casim

164 4267 261 4329 pariam.
288 4265 341 4313 Noa
358 4265 429 4320 ultra,
448 4264 504 4328 διο]
521 4266 575 4311 Νοιι
592 4265 637 4310 erit
658 4281 699 4310 our
724 4267 831 4325 spondet.
848 4270 911 4314 Arst.
928 4265 1029 4328 Virga
1043 4267 1133 4329 (tecm.
1143 4262 1261 4341 1111141111.

164 4333 261 4396 posthac
272 4332 360 4378 victum
371 4330 457 4391 scapbe
467 4330 516 4376 sola
527 4329 645 4389 quaerites.
725 4334 763 4378 18.
775 4346 826 4393 cap
838 4330 881 4378 ult.

198 4397 254 4449 535.
272 4395 366 4444 Ducite
374 4394 503 4458 senectam]
521 4395 553 4442 Ut
568 4409 620 4441 meo
630 4394 699 4442 benc·
