2784 4860
113 333 165 397 >a
420 315 703 399 usturam
747 329 960 398 nuchul
1022 350 1026 361 v

145 506 270 572 Ferrea
289 506 441 586 belligeri
464 511 663 589 compescat
679 506 797 569 limina
808 492 905 569 ¹Jani.

146 615 215 680 Sed
229 616 311 680 mihi
321 616 396 701 jam
409 637 549 680 numen:
572 637 648 693 nec,
673 617 703 679 si
724 621 757 680 te
773 621 911 698 pectore
926 618 1022 679 vatos

144 726 338 810 Accipiam,
361 725 512 791 Cirrhaea
529 727 629 790 velim
645 732 777 791 secreta
796 729 987 790 moventem

145 836 336 902 Sollicitare
353 837 476 913 Deum,
501 838 743 921 Bacchumque
765 843 914 902 avertere
930 837 1041 920 Nysa.
1198 839 1247 903 ‘65

144 948 200 1012 Tu
215 950 298 1012 satis
314 949 358 1011 ad
380 948 510 1011 dandas
526 948 685 1012 Romana
704 950 740 1011 in
760 948 911 1011 carmina
924 948 1025 1012 vires.
1308 924 1315 950 l

191 1058 271 1122 Fert
285 1059 416 1121 animus
433 1077 557 1122 causas
572 1063 739 1122 tantarum
754 1077 951 1140 expromere
966 1077 1095 1122 rerum:

146 1170 418 1252 Immensumque
439 1171 587 1252 aperitur
601 1189 701 1252 opuS,
726 1170 808 1253 quid
822 1170 858 1232 in
873 1187 966 1248 arma
980 1168 1145 1234 furentem

147 1280 323 1363 Impulerit
336 1279 512 1362 populum,
537 1280 619 1362 quid
636 1300 757 1362 pacem
774 1279 963 1344 excusserit
984 1281 1068 1344 orbi.
1278 1359 1285 1362 ῃ

146 1390 270 1454 Invida
289 1390 435 1465 fatorum
456 1391 572 1465 series,
597 1392 803 1473 summisque
818 1395 976 1471 negatum
1202 1393 1246 1456 70
1269 1443 1271 1445 ,

147 1501 244 1566 Stare
260 1489 339 1580 diu3
362 1501 534 1582 nimioque
550 1520 669 1581 graves
685 1501 748 1564 sub
763 1500 912 1583 pondere
928 1483 1060 1582 lapsae,

147 1612 224 1676 Nec
240 1632 276 1676 se
291 1611 404 1675 Roma
425 1611 547 1674 ferens.
571 1613 634 1687 sic,
658 1630 736 1674 cum
752 1630 916 1693 compage
937 1609 1050 1674 soluta

146 1722 272 1787 Secula
285 1727 336 1788 tot
349 1722 465 1785 mundi
481 1741 639 1804 suprema
656 1722 805 1803 coegerit
817 1721 912 1797 hora,

146 1833 333 1916 Antiquam
350 1839 505 1916 repetens
520 1835 640 1897 iterum
660 1833 782 1912 chaos;
805 1833 919 1895 omnia
939 1831 1049 1895 mistis

146 1943 267 2008 Sidera
279 1945 446 2008 sideribus
462 1949 672 2009 concrurent.
694 1944 795 2025 ignea
814 1947 955 2025 pontum

144 2048 248 2120 Astra
267 2060 401 2138 petent:
423 2057 524 2120 tellus
540 2055 720 2118 extendere
734 2037 852 2117 littora
863 2051 967 2127 nolet,

110 2215 114 2222 ”
201 2220 233 2266 64
250 2215 375 2278 Excipiam,
391 2217 491 2278 Accipio.
555 2218 587 2266 66
603 2202 767 2263 ciresdaados.
832 2215 865 2260 77
883 2210 972 2260 Nonae.
1053 2212 1086 2262 76
1103 2211 1179 2258 nullu.

175 2359 215 2405 67.
240 2354 351 2418 Belligeri
379 2362 510 2417 compescat,
537 2353 595 2416 δια]
622 2353 676 2402 Jani
699 2351 741 2398 lib.
762 2355 785 2398 1.
808 2365 860 2411 cap.
880 2353 903 2397 7.
947 2349 1087 2417 Summaque
1103 2349 1232 2413 negatam]

142 2419 199 2467 belli
208 2419 320 2480 pacisque
326 2420 418 2474 indicis,
429 2435 460 2467 ox
470 2419 575 2466 instituto
584 2421 675 2473 Nnmae,
701 2417 794 2463 Summa
812 2416 897 2462 cadunt
918 2415 1003 2462 subito.
1037 2413 1125 2477 Magno
1141 2423 1234 2475 repente

142 2484 254 2544 templum
275 2492 378 2545 apertum
393 2484 536 2545 significabat
553 2486 633 2530 urbam
651 2483 676 2529 in
700 2488 781 2527 ruunt.
814 2482 853 2534 Et,
866 2479 988 2526 Tollantur
994 2481 1020 2525 in
1030 2480 1109 2532 altam,
1120 2476 1151 2526 Ut
1169 2480 1233 2540 lapsu

143 2549 213 2595 armis
223 2564 292 2607 esse3
309 2549 418 2604 clausum,
435 2556 485 2595 erat
494 2548 559 2608 pacis
577 2548 674 2608 signum,
698 2546 806 2609 graviore
816 2545 907 2591 cadant.
941 2544 1022 2591 Claud.

142 2615 205 2674 quod
215 2613 312 2674 contigit
322 2617 365 2660 snb
376 2615 461 2669 Numa,
470 2614 554 2660 iterum
563 2619 618 2673 post
627 2612 675 2672 pri·
732 2611 774 2656 71.
792 2607 910 2669 Nimioque
919 2623 999 2671 graves
1007 2609 1049 2655 aab
1057 2609 1164 2669 pondere,
1173 2606 1232 2670 &c.]
1252 2631 1255 2636 «

142 2693 205 2724 mum
212 2678 324 2725 Punicum
332 2678 427 2733 ballum,
435 2686 459 2724 et
467 2679 511 2724 sub
519 2681 623 2738 Angusto
630 2683 674 2723 ter.
700 2675 746 2720 Suo
757 2675 800 2720 sub
810 2675 920 2733 pondere,
935 2673 1025 2720 ririhns
1035 2680 1065 2722 ct,
1075 2672 1233 2732 amplitudinis
1254 2702 1256 2709 ·

142 2741 291 2803 conpescuit]
327 2743 426 2791 Claudat
456 2748 632 2802 portamrcneam
650 2749 675 2787 et
699 2739 760 2784 mole
770 2738 903 2801 defatigata,
918 2743 1140 2795 praesumens.»
1219 2762 1229 2777 ι

141 2808 249 2854 vectibus
256 2807 337 2854 ferreis
346 2808 464 2853 munitam.
492 2805 612 2866 Sulpitias.
726 2816 782 2867 Ipsa
792 2825 847 2855 suas
857 2816 916 2855 vires
926 2814 972 2853 odit
983 2813 1209 2866 assumerentur,

155 2896 158 2900 ·
177 2873 217 2919 63.
234 2872 276 2918 Sed
293 2872 350 2918 mihi
359 2874 412 2932 jam
431 2884 524 2925 numen,
540 2869 598 2931 δια]
615 2871 676 2918 Aliis
738 2874 771 2914 Et
781 2883 838 2925 quas
847 2873 935 2914 struxit
944 2881 1003 2923 opes,
1012 2864 1072 2912 ciale
1080 2875 1190 2917 aminea.

112 2967 114 2971 -
141 2944 300 3001 postmortem
311 2933 461 2983 eliasiiaeo
480 2937 546 2981 Dens
564 2941 675 2995 expecte-
699 2940 763 2985 Patr.
775 2939 850 2986 Arbit.

139 3001 182 3058 ris,
200 3000 256 3047 mihi
266 3001 289 3047 in
299 3000 362 3047 vivis
379 3002 444 3046 Deus
453 2998 546 3046 haberis
560 2999 675 3060 propitius
732 3005 773 3050 72.
791 3001 840 3050 Nec
859 3001 1070 3066 seRomofereas.]
1088 3002 1167 3050 Nimia
1185 3005 1232 3051 Ro-

141 3065 376 3126 ct'proesens'adeo,
399 3071 426 3110 nt
446 3063 505 3110 mihi
524 3070 565 3110 tuo
582 3064 675 3111 numine
699 3083 816 3114 manorum
825 3068 937 3128 potentia.
969 3069 1058 3127 Estque
1073 3074 1180 3128 tanquam
1191 3085 1233 3116 ex-

142 3129 218 3177 afflato
238 3145 283 3175 non
301 3129 333 3176 sit
352 3145 418 3190 opus,
445 3129 508 3188 quod
525 3127 569 3187 ,alii
588 3128 676 3176 faciunt
700 3131 800 3192 emplum
809 3132 936 3193 superioris
945 3147 1035 3186 versus,
1052 3147 1140 3178 summa
1150 3148 1234 3193 graves

142 3201 216 3250 vates,
230 3194 339 3254 Delphici
354 3193 470 3254 Apollinis
479 3192 517 3241 rel
529 3194 554 3239 N
553 3208 602 3254 ysre
617 3194 676 3240 Bao·
699 3197 779 3258 lapsus
797 3197 861 3252 darc,
876 3197 918 3243 uhi
937 3211 979 3242 sno
999 3197 1101 3256 pondere
1122 3197 1235 3256 coeperint

141 3259 189 3314 chi,
205 3274 302 3320 quorum
311 3258 336 3304 in
346 3259 419 3306 tutela
428 3259 507 3307 Poetoe
518 3265 578 3313 sunt,
588 3255 675 3305 eaaa-
699 3277 775 3309 ruere.
808 3263 935 3308 Mmannm
945 3259 1067 3320 imperium
1081 3262 1234 3309 adsumam

141 3322 213 3386 arpa
230 3323 292 3370 votis
303 3330 423 3384 expetere.
699 3332 844 3387 pervenerat,
860 3324 1004 3385 relinquitur,
1013 3325 1064 3381 hoc
1081 3325 1157 3386 ipsum
1170 3327 1233 3386 qnod

175 3391 216 3436 64.
234 3389 516 3443 Girrhaeavelimsecreta,
539 3385 598 3449 δια]
624 3387 675 3436 cir-
700 3390 814 3451 seqnitur,
840 3406 922 3451 magna
950 3389 1016 3435 ruina
1040 3405 1147 3435 casurum
1171 3388 1232 3439 esse.

141 3453 191 3509 rha,
207 3453 319 3514 oppidum
339 3453 450 3500 Phocidis
469 3452 532 3500 haud
559 3452 642 3515 procul
662 3469 676 3499 a
701 3453 808 3508 Hostem.
841 3454 887 3510 Sic,
903 3469 956 3502 cum
966 3468 1078 3517 compage,
1094 3453 1152 3516 δια]
1179 3456 1234 3504 Non

142 3517 251 3577 Delphis,
277 3519 319 3565 uhi
340 3517 456 3579 Apollinis
483 3517 594 3577 Delphici
614 3517 675 3564 cele-
700 3527 846 3580 secnsatquc
861 3519 913 3579 ipsa
929 3517 1034 3564 universi
1050 3518 1163 3574 machina,
1180 3535 1234 3568 con·

141 3581 184 3628 bre
194 3583 320 3629 oraculum.
700 3589 813 3630 summata
823 3583 915 3630 tandem
930 3590 1034 3644 tempore
1045 3589 1069 3629 et
1082 3583 1156 3643 qnasi
1165 3591 1234 3632 aetate

175 3647 214 3698 65.
234 3645 316 3708 Nysa]
336 3649 406 3708 Nysae
416 3649 480 3694 tuere
491 3648 580 3703 decem,
597 3663 676 3695 omnes
701 3664 750 3704 sua,
775 3648 856 3695 solutis
877 3647 1034 3708 compagibus,
1055 3647 1234 3708 legibnsatqne

141 3711 189 3758 fere
211 3712 304 3758 Baccho
325 3727 415 3771 sacrae3
437 3712 563 3773 praecipne,
586 3712 676 3767 Indica,
700 3712 827 3760 ioederihns
841 3728 926 3766 rerum,
941 3712 966 3758 in
982 3711 1058 3758 Chaos
1077 3718 1101 3758 et
1116 3712 1235 3759 contusam

141 3776 249 3831 Arabica,
267 3775 390 3836 Delphica.
700 3778 793 3832 molem,
809 3778 870 3824 unde
886 3776 953 3823 initio
971 3781 1075 3823 extracta
1096 3783 1121 3823 et
1141 3775 1233 3823 concin-

176 3845 216 3890 67.
234 3841 451 3895 Cousostaotcrmn,
462 3840 520 3902 dra]
538 3843 676 3889 Gausassex
701 3849 754 3890 nata
764 3849 808 3896 est,
824 3842 928 3888 reditura
935 3841 974 3888 sit.
1236 3872 1237 3875 =

141 3913 248 3952 recenset
257 3912 344 3961 noster,
359 3906 402 3953 sed
420 3906 475 3953 vide
486 3921 543 3966 quas
559 3913 583 3953 et
598 3907 676 3953 Coesar
733 3910 774 3955 74.
791 3907 917 3968 Antiquam
927 3913 1038 3968 repetens,
1054 3903 1113 3967 δια]
1130 3905 1234 3968 Italegit

141 3970 219 4017 reddit
228 3971 269 4016 lib.
281 3970 392 4032 1.civilis
401 3970 466 4018 belli.
700 3973 773 4021 Janus
789 3971 936 4033 Rutgersius,
952 3987 1004 4018 cnm
1020 3970 1110 4032 vulgati
1128 3971 1236 4027 habeant,

175 4037 216 4082 70.
229 4033 491 4098 lucidajhtorum‚&c.]
511 4035 677 4092 Primocausa,
702 4037 827 4098 Antiquam
843 4044 945 4098 repetent
956 4037 1040 4083 iterum
1059 4036 1126 4083 chaos
1142 4036 1233 4095 omnia3

142 4097 218 4146 fatalis
238 4100 374 4156 necessitas,
400 4115 451 4160 quae
472 4100 593 4159 periodum
614 4113 676 4148 cres-
701 4103 774 4149 mistis
784 4102 872 4150 Sidera.
1012 4148 1013 4153 ,

142 4163 220 4219 cendi,
237 4171 261 4211 et
272 4166 342 4226 ἀκμὴν
353 4170 483 4217 consecuta,
497 4168 545 4224 Jam
560 4165 676 4212 declinare
734 4169 774 4216 76.
792 4165 868 4213 Tellus
883 4166 1010 4220 euadere,
1026 4163 1084 4226 δια]
1103 4163 1184 4212 Litora
1193 4178 1236 4211 ax·

142 4235 167 4275 et
176 4230 208 4276 ad
217 4243 325 4276 occasum
337 4244 431 4291 vergere
442 4229 547 4289 caperit.
569 4228 678 4277 inurens
701 4237 767 4279 tensa
777 4237 801 4278 et
811 4232 919 4292 opposita
935 4247 980 4278 non
990 4230 1108 4285 valebunt,
1123 4234 1151 4276 nt
1158 4233 1235 4284 antes,

144 4291 248 4341 Fortuna
263 4292 365 4355 principi
377 4295 482 4358 gentium
498 4294 588 4356 populo,
603 4296 677 4356 ipsam
701 4312 763 4344 mara
783 4310 892 4344 coercere
913 4303 938 4344 at
957 4301 1141 4356 exanimatque
1159 4291 1236 4342 minus

142 4359 200 4408 itum
219 4359 361 4408 inexilium
377 4375 444 4408 mum
458 4361 563 4409 armavit.
595 4359 677 4412 Floras
701 4368 764 4410 terra
773 4362 889 4411 obruatur.
