2784 4860
146 370 228 435 176·
416 368 468 432 Μ.
504 366 707 433 ANNAEI
752 366 974 434 LUCANI
1069 376 1091 397 ”

146 540 318 608 Phasidos
341 548 375 605 et
390 542 521 624 campis
537 542 684 606 insomni
699 543 800 633 dente
815 542 920 606 creati

145 653 350 733 Terrigenae,
368 653 475 714 missa
489 652 631 733 magicis
648 673 667 715 e
687 652 843 715 cantibus
859 652 928 731 ira,

145 762 300 844 Cognato
316 767 429 825 tantos
441 762 621 843 implerunt
636 761 798 842 sanguine
819 761 956 825 sulcos:

145 874 307 956 Ipsaque,
327 872 512 954 inexpertis
529 872 621 954 quod
641 872 785 954 primum
804 871 933 935 fecerat
945 869 1072 948 herbis,
1179 864 1245 937 556

146 982 297 1065 Expavit
313 981 439 1045 Medea
459 981 567 1044 nefas.
588 983 638 1044 sic
653 985 771 1044 mutua
791 981 886 1064 pacti

145 1093 232 1157 Fata
248 1093 374 1156 cadunt
384 1093 549 1175 juvenes:
571 1092 813 1173 minimumque
827 1093 864 1154 in
877 1095 984 1156 morte
998 1092 1149 1157 virorum
1242 1146 1245 1151 .

145 1203 241 1267 Mors
256 1203 389 1266 virtutis
404 1202 527 1265 habet:
551 1202 676 1284 pariter
690 1206 920 1283 sternuntque,
931 1202 1127 1285 caduntque
1200 1258 1203 1263 .

143 1313 291 1377 Vulnere
306 1312 420 1375 letali:
443 1311 509 1374 ned
525 1330 717 1393 quenquam
732 1310 852 1374 dextra
866 1310 997 1388 fefellit,

144 1421 231 1486 Cum
245 1422 345 1485 feriat
359 1422 521 1485 moriente
543 1439 655 1483 manu.
681 1438 744 1482 nec
759 1421 882 1484 vulnus
898 1421 1032 1486 adactis
1159 1420 1242 1487 tut

145 1532 298 1596 Debetur
315 1531 458 1612 gladiis:
481 1550 679 1612 percussum
701 1535 753 1593 est
771 1535 909 1613 pectore
931 1530 1069 1608 ferrum,
1211 1512 1214 1517 ⁸

144 1641 189 1705 Et
199 1641 329 1725 jugulis
351 1659 504 1722 pressere
526 1659 673 1703 manum.
690 1659 767 1702 cum
782 1646 872 1704 sorte
894 1646 1033 1705 cruenta

145 1751 319 1814 Fratribus
335 1751 506 1813 incurrant
519 1749 649 1826 fratres,
664 1755 831 1832 natusque
846 1752 999 1833 parenti:

143 1860 250 1924 Haud
264 1858 452 1942 trepidante
468 1865 580 1924 tamen
594 1840 666 1924 toto
682 1880 760 1923 cum
775 1861 924 1942 pondere
939 1861 1060 1925 dextra

142 1970 295 2053 Exegere
311 1991 421 2034 enses
438 1970 549 2052 pietas
564 1969 760 2033 ferientibus
780 1990 859 2045 una,
1173 1968 1238 2037 ⁵66

143 2081 224 2145 Non
237 2081 414 2164 repetisse,
430 2079 504 2142 fuit
516 2079 589 2162 jam
603 2080 682 2143 latis
705 2081 838 2145 viscera
852 2082 953 2164 lapsa

141 2181 364 2255 Semianimes
377 2196 509 2254 traxere
524 2189 618 2263 foris,
634 2191 843 2274 multumque
860 2193 990 2257 cruoris

142 2301 301 2364 Infudere
328 2300 424 2363 mari.
441 2299 637 2382 despectam
653 2319 787 2365 cernere
802 2303 926 2381 lucem,

140 2411 367 2493 Victoresque
383 2430 464 2474 suos
480 2410 574 2473 vultu
599 2416 753 2491 spectare
769 2414 928 2494 superbo,

141 2521 185 2585 Et
199 2527 341 2586 mortem
362 2521 484 2586 sentire
494 2519 603 2604 juvat.
615 2519 689 2602 jam
705 2525 815 2601 strage
832 2527 971 2585 cruenta
1172 2522 1240 2588 576

141 2631 358 2715 Conspicitur
372 2631 544 2696 cumulata
563 2628 664 2692 ratis:
687 2630 865 2713 bustisque
878 2633 1062 2695 remittunt
1079 2662 1082 2667 ·

140 2780 278 2828 553emisso.
361 2781 409 2828 554
419 2777 564 2837 conpluunt.
663 2776 711 2826 557
722 2780 865 2840 nimiumque.
947 2779 1086 2843 sutjaguto
1099 2794 1139 2841 pr.
1131 2772 1236 2847 main,

222 2842 316 2904 jugulos
327 2859 363 2903 pr.
375 2857 461 2888 marrus.
590 2841 667 2891 562
649 2856 688 2888 tec.
806 2845 855 2892 563
864 2853 995 2903 octonum,
1003 2846 1133 2893 incestant.

462 2906 510 2953 566
522 2903 577 2952 Nec.
708 2907 755 2957 568
766 2906 897 2968 despectant.

172 3035 228 3084 552.
247 3033 374 3095 Phasidos]
392 3034 468 3095 Atque
488 3032 523 3078 uti
536 3046 577 3092 per
594 3039 676 3078 mutua
696 3031 792 3092 jugulos
804 3049 859 3081 suos
867 3033 989 3082 intendunt
1000 3043 1157 3092 occurrentes
1168 3041 1236 3098 atqu

140 3096 589 3160 cuiueroperibuntTerrigeuaefrotres‚
605 3096 676 3143 natie
699 3098 1233 3161 irruentesinsociorumgladioscapnloteuue.

140 3164 248 3212 dentibus
256 3163 335 3223 vigilre
344 3161 572 3210 drncourerutersectr
581 3161 637 3207 satis
647 3163 675 3206 ab
732 3163 787 3209 563.
804 3160 949 3226 Incurrunt]
965 3165 1003 3210 Ita
1018 3164 1174 3225 scribendum,
1190 3180 1235 3212 nou
1267 3164 1270 3170 ’

138 3232 234 3284 iasone,
244 3227 305 3273 inter
317 3243 342 3273 se
353 3227 470 3274 commissi
482 3227 586 3284 conjecto
597 3227 625 3272 ab
636 3227 675 3273 da·
700 3227 781 3272 incon
782 3236 831 3273 unt
849 3230 952 3275 Grotius.

140 3311 196 3340 sorre
207 3293 230 3339 ln
239 3291 341 3339 medium
349 3291 416 3340 silice
424 3299 448 3339 et
456 3290 595 3337 carminibus
603 3290 675 3349 magi·
732 3293 787 3366 564:
806 3290 877 3338 Haud
888 3294 1022 3353 tteputmte,
1030 3290 1088 3355 δια]
1099 3293 1182 3356 Neque
1191 3293 1235 3341 ni·

140 3359 173 3405 cis
185 3357 276 3404 Medeae
287 3357 446 3403 auxiliaribus.
464 3354 535 3401 Ovid.
546 3351 640 3400 Metam.
651 3357 674 3400 7.
699 3355 750 3400 nori
763 3354 786 3401 vi
795 3363 819 3402 et
829 3356 938 3404 ferientes
949 3357 1073 3419 adigebant
1083 3358 1138 3414 tela,
1150 3358 1210 3406 id'
1185 3372 1243 3419 pae-¹

142 3422 249 3482 Crrmpis
240 3423 342 3476 insomni,
354 3420 410 3482 dra]
427 3421 456 3466 In
467 3417 569 3474 Colchis,
579 3433 675 3478 quoruru
699 3420 753 3465 tatis
762 3419 815 3466 loco
829 3421 994 3469 ducentesimo
1010 3421 1059 3469 ictu
1072 3423 1187 3471 conficere
1196 3438 1236 3471 ne·

139 3487 223 3532 Phasis
232 3488 287 3533 lluv
299 3486 388 3532 clariss
700 3500 744 3544 que
756 3483 895 3545 ingeminare
904 3486 995 3533 vulnus.

173 3555 228 3600 555.
247 3550 349 3611 Ipsaque,
371 3548 428 3610 dec]
446 3547 499 3609 Ipsa
517 3561 602 3608 «quoque
620 3548 675 3594 erti-
732 3551 787 3597 567.
804 3548 889 3611 fau]
905 3550 1097 3598 'fabulatiaratia

140 3618 208 3670 matt,
226 3623 369 3675 querutum
380 3611 471 3677 fecerat
488 3612 570 3659 illum:
590 3609 621 3658 Ut
637 3613 676 3672 qui
732 3616 788 3662 568.
805 3614 942 3676 Despectam,
958 3614 1015 3679 διο]
1032 3612 1056 3662 A'
1073 3630 1099 3663 ιο
1116 3623 1236 3709 contemp·

138 3682 184 3740 peti
201 3680 283 3725 vidit
267 3694 377 3740 juvenem
393 3686 426 3725 tot
443 3679 471 3724 ab
490 3677 586 3723 hortibus
603 3692 675 3723 unam
700 3685 754 3724 tam.

141 3745 238 3791 l'uttuit.
731 3746 787 3794 569.
808 3741 904 3790 Victores
905 3757 1008 3805 qr,tesuot
1019 3741 1235 3806 &emeterium

172 3810 227 3859 557.
245 3806 359 3868 iuvenes]
379 3805 517 3868 Opitergini.
541 3805 675 3852 lisiniarum·
699 3807 806 3868 aquibus
817 3824 882 3868 quasi
875 3808 1233 3859 vroroubus'huererumdao

140 3875 225 3937 quein,
237 3872 295 3933 dcc]
313 3873 410 3918 lilmrma
416 3887 470 3931 pars
477 3871 676 3917 fortitudrnrserat
700 3872 717 3917 tr
729 3874 823 3919 lucrant

139 3945 237 3986 mortem
249 3943 366 3996 oppetere
384 3936 433 3982 In'
427 3951 477 3995 ipsa
488 3941 560 3982 morte
571 3935 676 3981 militari
731 3939 787 3984 570.
804 3935 888 3983 Sentire
903 3936 993 4000 juvat]
1026 3932 1166 3999 Empbotict.
1187 3938 1234 4013 ll'ul

140 4012 176 4052 ter
193 4009 306 4078 pugnant.
320 4002 357 4046 Ita
375 4001 479 4053 Grotius,
495 3999 535 4059 qui
554 4015 583 4046 ex
603 4001 636 4047 Μ.
650 4002 673 4046 S.
699 4016 774 4048 sensu.

138 4068 241 4115 restituit
250 4080 419 4125 meritorumque
434 4080 486 4109 oum
498 4064 569 4124 vulgo
585 4064 675 4125 legatur
731 4068 786 4113 571.
804 4063 920 4125 Baetisque
938 4065 1064 4121 remittunt,
1080 4062 1224 4142 &c.]Gon

139 4134 283 4192 nimiumque.
301 4145 346 4190 quo
332 4131 362 4175 od
374 4136 398 4175 et
407 4127 498 4190 probari
509 4133 593 4188 potest
699 4130 801 4176 burenda
811 4145 837 4175 ao
848 4129 981 4189 sepelienda
990 4130 1182 4207 Opiterginorum
1194 4146 1233 4181 m·

170 4201 227 4247 560.
241 4193 372 4257 Conferant
381 4190 674 4252 morreruemanu]Quam
698 4195 784 4241 davera
802 4200 941 4241 curaverunt
958 4195 1045 4251 bosna,
1064 4192 1142 4241 mirati
1163 4194 1232 4243 tantm

141 4263 176 4310 ris
186 4261 254 4308 feriat
263 4274 332 4305 marra
343 4274 384 4304 sua
394 4257 468 4320 ipsius
478 4256 675 4318 moriturietipsu
698 4260 759 4318 apud
771 4274 824 4305 suos
835 4257 980 4305 auctoritatis
988 4275 1040 4306 esse
1051 4258 1176 4317 Goewem,
1182 4265 1232 4307 tau·

139 4322 372 4384 mortemintligente.
698 4331 743 4370 tam
755 4322 1067 4373 militumiuducerniidem.
1087 4320 1232 4372 Virtueetiu

173 4394 228 4440 561.
249 4388 382 4439 incussum
403 4394 442 4445 est,
461 4385 519 4450 dte]
545 4386 632 4434 Dum
625 4387 673 4451 ipsi
698 4386 881 4449 bostcprobutnr.
