2784 4860
139 336 207 406 aaa
421 333 476 403 u.
513 334 720 405 suuni
765 318 1019 407 nucum·

139 511 195 577 Ac
210 510 361 578 nondum
381 516 498 588 strato,
516 510 681 595 Magnum
695 514 822 579 vicisse
836 508 985 597 negavit

139 621 266 688 Scaeva
279 623 353 688 viro
368 643 512 687 nomeu:
536 629 724 688 castrorum
738 626 774 688 in
786 625 888 709 plebe
903 624 1060 691 merebat.

139 733 230 800 Ante
240 736 331 801 feras
344 735 505 800 Rhodani
519 742 654 819 gentes:
677 737 727 800 ibi
739 736 902 818 sanguiue
915 736 1023 801 multo
1181 714 1251 801 145

139 844 324 913 Promotus
345 848 480 913 Latiam
499 849 603 932 longo
624 850 708 932 gerit
723 847 840 911 ordine
855 847 971 911 vitem.
1215 862 1220 871 ·

139 956 275 1024 Pronus
291 960 336 1023 ad
355 979 454 1024 omne
469 960 578 1037 nefas,
600 959 708 1043 etqui
722 959 880 1034 nesciret,
898 958 935 1021 in
949 957 1052 1023 armis
1072 963 1078 970 '

142 1067 256 1148 Quam
271 1091 430 1154 maguum
442 1073 550 1136 virtus
566 1072 693 1136 crimen
705 1070 865 1134 civilibus
888 1074 991 1135 esset.

141 1181 213 1247 Hic
233 1184 293 1247 ubi
309 1190 499 1268 quaerentes
515 1185 630 1249 socios
646 1184 721 1268 jam
742 1181 853 1247 Marte
868 1183 988 1248 relicto

140 1291 232 1360 Tuta
253 1295 345 1379 fugae
367 1297 484 1373 cernit,
510 1295 590 1375 Quo
611 1315 675 1360 vos
690 1313 809 1378 pavor,
831 1294 954 1378 iuquit,
970 1292 1086 1376 abegit
1182 1289 1251 1359 150
1310 1349 1312 1353 .

139 1403 275 1490 Impius
288 1427 297 1486 ;
313 1413 347 1472 et
362 1409 494 1473 cunctis
505 1408 642 1490 ignotus
658 1405 806 1471 Caesaris
820 1406 944 1471 armisl

142 1513 173 1579 Ο
189 1516 309 1580 famuli
322 1523 452 1602 turpes,
468 1539 603 1584 servum
616 1537 737 1602 pecus,
753 1518 884 1600 absque
899 1536 1019 1582 cruore

139 1624 253 1712 Terga
263 1629 355 1693 datis
365 1631 488 1693 mortil
512 1630 649 1694 cumulo
660 1648 724 1694 vos
736 1629 856 1693 deesse
867 1630 1017 1694 virorum
1035 1658 1039 1667 ¹

115 1818 117 1825 s
142 1736 226 1803 Non
235 1741 352 1824 pudet,
372 1746 407 1806 et
420 1743 543 1818 bustis,
565 1742 720 1824 interque
736 1740 905 1806 cadavera
920 1739 1051 1825 quaerit
1120 1771 1125 1778 ·
1219 1828 1223 1833 ,

142 1849 226 1917 Non
239 1853 291 1917 ire
305 1855 426 1919 saltem
441 1854 599 1938 juvenes,
617 1853 744 1938 pietate
759 1857 899 1930 remota,
1181 1846 1253 1921 155

143 1961 310 2029 Stabitisl
334 1967 510 2043 ecunctis‚
526 1986 588 2049 per
603 1984 691 2049 quos
707 1968 897 2047 erumperet
910 1963 1032 2040 hostie,

143 2072 222 2140 Nos
237 2097 356 2141 sumus
371 2079 483 2142 electi.
504 2098 573 2142 non
589 2096 698 2160 parvo
714 2076 878 2159 sangiune
895 2073 1015 2158 Magni

144 2183 220 2250 Iste
239 2187 313 2251 dies
327 2189 415 2252 ierit.
437 2192 589 2272 peterem
608 2187 741 2252 felicior
752 2189 894 2252 'umbras

143 2296 293 2365 Caesaris
312 2301 348 2363 in
367 2301 475 2365 vultu.
498 2304 619 2372 testem
638 2300 728 2364 hunc
744 2300 897 2367 Fortuna
909 2299 1067 2382 negavit:

142 2407 312 2493 Pompeio
327 2412 488 2476 laudante
509 2412 642 2476 cadam.
659 2412 859 2492 confringite
878 2411 948 2476 tela
1186 2410 1254 2479 160

142 2518 300 2586 Pectoris
314 2523 464 2599 incursu,
476 2524 674 2606 jugulisque
690 2522 855 2586 retundite
877 2522 1012 2589 ferrum.

143 2628 167 2696 J
168 2650 224 2697 am
238 2633 425 2717 longinqua
438 2635 524 2718 petit
537 2635 664 2718 pulvis
688 2633 888 2717 sonitusque
908 2635 1027 2712 ruinae,

147 2780 196 2829 145
212 2781 258 2828 cu.
357 2784 404 2829 147
415 2783 440 2829 u
451 2799 520 2831 aare.
620 2784 667 2831 152
680 2781 728 2829 uu
740 2797 820 2831 versus
832 2782 856 2828 u
869 2781 1006 2843 quibusdam
1017 2782 1086 2829 uss.
1099 2768 1254 2835 sestam

182 2847 231 2896 1⁵3
239 2861 290 2893 acu.
358 2850 406 2896 154
418 2845 458 2895 Vos
463 2849 543 2909 puceu
550 2855 580 2904 ct,
590 2847 643 2896 Noa
651 2848 729 2909 pudet,
738 2862 758 2903 e,
768 2845 820 2895 Nou
828 2847 906 2910 pudet,
914 2847 983 2894 naua
1050 2849 1098 2897 155
1106 2852 1223 2912 ojuasaes.

286 2913 334 2958 160
350 2914 501 2977 comcingite.
602 2979 607 2988 ο
632 2916 679 2962 161
696 2912 802 2974 impulsa.
935 2915 981 2960 161
998 2913 1116 2960 exordia.

181 3040 238 3090 146.
248 3015 344 3086 Γ01111111
367 3039 453 3103 vitea]
481 3040 584 3089 Militum
607 3048 687 3089 centu·
710 3041 867 3097 intersertos,
884 3056 981 3103 quorum
1003 3040 1040 3089 hic
1062 3046 1116 3089 sunt
1140 3041 1258 3092 caderes·

148 3103 214 3154 riam.
230 3132 233 3140 ι
711 3105 833 3152 cumulata.
851 3104 933 3166 Sulpit.
947 3105 1042 3153 Cumulo
1049 3121 1084 3154 vos
1095 3107 1179 3164 deesse
1195 3106 1255 3172 bra]

182 3173 238 3219 14⁷.
264 3168 355 3218 Pronus
373 3170 403 3218 ad
418 3186 483 3221 cmrre
500 3168 582 3236 cpias]
616 3171 687 3229 Quod
712 3172 796 3221 Annon
812 3186 854 3218 vos
871 3172 945 3232 pudet
959 3187 1005 3218 nou
1022 3177 1120 3219 mortem
1137 3178 1254 3234 oppetere

148 3233 214 3282 leudi
232 3234 340 3291 vertitur,
363 3234 388 3283 id
410 3236 497 3283 crimen
519 3245 587 3283 vocat
606 3239 688 3291 Poeta,
712 3235 962 3283 oumsortibnsviris?
1156 3268 1163 3285 s

149 3301 211 3361 quod
233 3300 357 3348 nesciverit
378 3301 402 3347 iu
419 3301 488 3349 bellis
509 3300 619 3349 civilibus
640 3302 688 3349 vir-
745 3303 801 3350 155.
820 3296 1014 3358 Ncnircscltcm,
1026 3299 1071 3348 &c
1089 3301 1257 3364 cosmatem

149 3371 223 3414 tutem
239 3382 291 3414 esse
307 3382 414 3425 magnum
432 3366 527 3425 erineo,
545 3382 597 3413 oum
618 3366 689 3415 liceel
712 3381 772 3428 qua,
789 3365 847 3428 δια]
865 3366 890 3413 Si
909 3367 972 3414 nulls
987 3382 1030 3413 vos
1041 3365 1150 3427 pietasia
1169 3366 1255 3417 (lm

149 3447 240 3479 ornnem
258 3432 305 3478 vim
323 3447 437 3478 armorum
455 3430 541 3478 virtute
557 3431 688 3492 prohibere,
713 3432 818 3487 retineat,
835 3433 902 3478 sistet
921 3441 1049 3478 sostenen
1069 3431 1103 3478 irs
1113 3436 1138 3478 et
1147 3429 1254 3494 indigns·

149 3497 235 3544 nedum
247 3512 305 3550 esus,
322 3513 390 3556 quam
401 3496 461 3543 civis
469 3496 515 3543 civi
526 3497 603 3544 infert.
621 3495 688 3544 Hert.
713 3496 755 3554 tio,
767 3512 863 3556 uanique
875 3511 917 3542 nos
927 3496 972 3544 visi
984 3511 1064 3543 sumus
1076 3495 1181 3545 hostibus
1189 3512 1257 3546 mex·

184 3565 240 3610 149.
258 3561 305 3608 Hic
315 3563 354 3609 ubi
362 3570 488 3623 quarentes,
497 3561 555 3624 &c.]
573 3561 620 3609 Ubi
630 3561 690 3609 vidit
713 3560 760 3608 inre
779 3561 858 3610 idonei
879 3567 903 3608 et
919 3561 1032 3618 imbelles,
1048 3577 1090 3624 per
1109 3571 1258 3623 quosemsn·

150 3627 326 3674 contubernales
348 3644 411 3681 suos,
437 3628 533 3688 abjectis
555 3628 626 3675 hostis
644 3628 689 3674 cir·
713 3632 803 3687 pereat,
819 3641 899 3673 verum
911 3642 956 3673 non
969 3626 1154 3688 impuneiereot.

149 3691 293 3752 cumspicere
315 3702 389 3740 rutum
411 3700 530 3755 receptum
551 3695 581 3739 ad
602 3693 688 3753 lugam,
747 3693 802 3741 158.
820 3690 922 3744 Peterem
938 3691 1040 3757 felicior,
1068 3689 1124 3753 516]
1153 3691 1257 3741 rebeus

150 3756 281 3818 hujusmodi
301 3759 388 3813 verbis,
406 3759 509 3817 ipsorum
527 3757 643 3819 ignaviam
654 3757 689 3803 iu·
714 3772 751 3805 ure
767 3755 827 3803 mori
847 3757 1013 3813 existimarem,
1031 3755 1053 3803 si
1067 3758 1206 3805 occumbere
1222 3750 1256 3805 li-

150 3829 251 3869 sectatus
257 3822 307 3868 suit.
327 3823 431 3869 Horteas.
714 3821 801 3868 coisset
811 3821 902 3870 cesare
911 3821 1051 3883 inspiciente
1062 3837 1068 3871 r
1086 3822 1130 3869 hoc
1140 3837 1187 3874 nou
1199 3837 1256 3880 eon·

185 3891 240 3938 150.
260 3887 319 3933 Tuta
331 3889 396 3952 fuga
407 3885 501 3949 ceruit]
520 3888 582 3933 loca
593 3893 617 3933 et
629 3886 688 3933 viam
713 3886 777 3948 tigit,
793 3886 826 3933 its
836 3903 874 3933 me
894 3903 971 3948 geram
989 3886 1215 3937 utvirtusnrsssel
1227 3890 1257 3936 sb

151 3968 197 4014 qus
206 3953 251 3999 toti
261 3954 374 4013 fugerent.
396 3952 468 3998 Pavor
480 3950 581 4013 impia]
599 3953 627 3998 ln
638 3951 689 3999 Cre·
714 3951 781 3998 hoste
789 3952 904 4001 laudetur.

152 4031 233 4070 arem,
244 4017 281 4063 cui
294 4033 338 4063 non
348 4018 445 4064 urentis
457 4018 534 4076 fidem,
546 4025 689 4067 sacramento
748 4020 802 4065 160.
822 4016 963 4080 Confringite
982 4015 1043 4072 tela·
1052 4013 1109 4078 bre]
1125 4015 1213 4069 ltmlte
1232 4017 1258 4067 in

150 4080 245 4130 militari
254 4083 336 4128 deum.
357 4081 462 4130 Hostem.
713 4083 760 4130 tela
772 4082 880 4135 bostium,
896 4090 993 4144 pecuare
1004 4087 1028 4128 et
1032 4080 1123 4142 jugulo.

184 4148 240 4194 151.
264 4147 357 4194 Cunctis
380 4149 460 4210 ignotis
487 4147 580 4194 Caturia
600 4147 688 4210 armis]
747 4152 802 4198 162.
821 4146 954 4211 Longiupuo
973 4144 1050 4208 petit]
1079 4148 1185 4207 Apparet
1205 4147 1258 4197 lon·

149 4215 178 4261 ln
188 4211 252 4260 nullo
262 4213 359 4259 Caesaris
370 4213 431 4259 bello
441 4213 551 4259 hacteuus
562 4219 637 4259 notus.
714 4213 774 4276 gius.
806 4211 860 4261 Jum
870 4213 990 4276 longinquo
999 4210 1157 4275 perspectus]
1173 4213 1258 4265 Fabi·

185 4280 240 4327 151.
257 4277 350 4326 Servum
359 4275 448 4338 prcus]
466 4276 633 4330 (limitatomm
643 4292 688 4327 ser·
713 4277 759 4326 iste
771 4284 795 4326 et
811 4278 889 4340 fragor
908 4277 965 4325 belli
984 4278 1101 4325 Omnem
1119 4276 1209 4327 dudm
1220 4277 1257 4327 ln·

149 4359 204 4391 oum
211 4358 285 4408 pecus,
300 4343 377 4404 inquit
387 4343 471 4390 Horat.
713 4343 789 4397 scium
796 4342 865 4392 sistet
873 4343 920 4392 lruc
929 4358 987 4399 max
994 4356 1047 4397 oua
1058 4340 1187 4397 abacia.

184 4410 240 4459 153.
258 4408 354 4458 Cumulo
370 4409 452 4466 deae
477 4406 534 4471 &c.]
561 4408 615 4467 Vel,
630 4410 690 4457 morl
1022 4424 1025 4428 ·
