<?xml version="1.0" encoding="UTF-8"?>
<!DOCTYPE html PUBLIC "-//W3C//DTD XHTML 1.0 Transitional//EN"
    "http://www.w3.org/TR/xhtml1/DTD/xhtml1-transitional.dtd">
<html xmlns="http://www.w3.org/1999/xhtml" xml:lang="en" lang="en">
 <head>
  <title>
</title>
<meta http-equiv="Content-Type" content="text/html;charset=utf-8" />
  <meta name='ocr-system' content='tesseract 3.04.00' />
  <meta name='ocr-capabilities' content='ocr_page ocr_carea ocr_par ocr_line ocrx_word'/>
</head>
<body>
  <div class='ocr_page' id='page_1' title='image "./mannaeuslucanus00grotgoog/mannaeuslucanus00grotgoog_0309.png"; bbox 0 0 2784 4860; ppageno 0'>
   <div class='ocr_carea' id='block_1_1' title="bbox 139 309 1045 415">
    <p class='ocr_par' dir='ltr' id='par_1_1' title="bbox 139 309 1045 415">
     <span class='ocr_line' id='line_1_1' title="bbox 139 309 1045 415; baseline -0.004 -12"><span class='ocrx_word' id='word_1_1' title='bbox 139 335 215 403; x_wconf 76' lang='lat' dir='ltr'>sss·</span> <span class='ocrx_word' id='word_1_2' title='bbox 414 309 478 401; x_wconf 66' lang='lat' dir='ltr'>u.</span> <span class='ocrx_word' id='word_1_3' title='bbox 500 337 705 405; x_wconf 72' lang='lat' dir='ltr'>suarm</span> <span class='ocrx_word' id='word_1_4' title='bbox 749 337 1045 415; x_wconf 59' lang='lat' dir='ltr'>nucnurg.</span> 
     </span>
    </p>
   </div>
   <div class='ocr_carea' id='block_1_2' title="bbox 140 506 1256 2361">
    <p class='ocr_par' dir='ltr' id='par_1_2' title="bbox 141 506 1003 592">
     <span class='ocr_line' id='line_1_2' title="bbox 141 506 1003 592; baseline 0.002 -19"><span class='ocrx_word' id='word_1_5' title='bbox 141 506 331 573; x_wconf 83' lang='lat' dir='ltr'><strong>Infaustam</strong></span> <span class='ocrx_word' id='word_1_6' title='bbox 347 509 511 573; x_wconf 85' lang='lat' dir='ltr'><strong>sobolem.</strong></span> <span class='ocrx_word' id='word_1_7' title='bbox 526 509 635 592; x_wconf 88' lang='lat' dir='ltr'>major</span> <span class='ocrx_word' id='word_1_8' title='bbox 655 507 868 591; x_wconf 79' lang='lat' dir='ltr'>Carthaginis</span> <span class='ocrx_word' id='word_1_9' title='bbox 882 509 1003 587; x_wconf 88' lang='lat' dir='ltr'>hostis,</span> 
     </span>
    </p>

    <p class='ocr_par' dir='ltr' id='par_1_3' title="bbox 142 615 1256 813">
     <span class='ocr_line' id='line_1_3' title="bbox 142 615 1256 702; baseline 0.005 -21"><span class='ocrx_word' id='word_1_10' title='bbox 142 616 224 683; x_wconf 91' lang='lat' dir='ltr'>Non</span> <span class='ocrx_word' id='word_1_11' title='bbox 243 619 399 682; x_wconf 88' lang='lat' dir='ltr'>servituri</span> <span class='ocrx_word' id='word_1_12' title='bbox 413 624 533 683; x_wconf 90' lang='lat' dir='ltr'>moeret</span> <span class='ocrx_word' id='word_1_13' title='bbox 548 615 634 683; x_wconf 89' lang='lat' dir='ltr'>Cato</span> <span class='ocrx_word' id='word_1_14' title='bbox 649 619 721 683; x_wconf 88' lang='lat' dir='ltr'>fata</span> <span class='ocrx_word' id='word_1_15' title='bbox 742 621 889 702; x_wconf 81' lang='lat' dir='ltr'><strong>nepotis.</strong></span> <span class='ocrx_word' id='word_1_16' title='bbox 1173 618 1256 687; x_wconf 74' lang='grc'><strong>790·</strong></span> 
     </span>
     <span class='ocr_line' id='line_1_4' title="bbox 144 727 923 813; baseline 0.005 -22"><span class='ocrx_word' id='word_1_17' title='bbox 144 727 263 793; x_wconf 90' lang='lat' dir='ltr'>Solum</span> <span class='ocrx_word' id='word_1_18' title='bbox 283 733 316 793; x_wconf 90' lang='lat' dir='ltr'>te</span> <span class='ocrx_word' id='word_1_19' title='bbox 335 728 464 793; x_wconf 87' lang='lat' dir='ltr'>Consul</span> <span class='ocrx_word' id='word_1_20' title='bbox 479 729 632 812; x_wconf 83' lang='lat' dir='ltr'>depulsis</span> <span class='ocrx_word' id='word_1_21' title='bbox 646 731 753 811; x_wconf 89' lang='lat' dir='ltr'>prime</span> <span class='ocrx_word' id='word_1_22' title='bbox 772 732 923 813; x_wconf 85' lang='lat' dir='ltr'>tyrannis</span> 
     </span>
    </p>

    <p class='ocr_par' dir='ltr' id='par_1_4' title="bbox 142 839 989 923">
     <span class='ocr_line' id='line_1_5' title="bbox 142 839 989 923; baseline 0.005 -20"><span class='ocrx_word' id='word_1_23' title='bbox 142 839 246 904; x_wconf 91' lang='lat' dir='ltr'>Brute</span> <span class='ocrx_word' id='word_1_24' title='bbox 261 842 338 923; x_wconf 90' lang='lat' dir='ltr'>pias</span> <span class='ocrx_word' id='word_1_25' title='bbox 352 841 437 905; x_wconf 86' lang='lat' dir='ltr'>inter</span> <span class='ocrx_word' id='word_1_26' title='bbox 452 841 654 922; x_wconf 81' lang='lat' dir='ltr'>gaudentem</span> <span class='ocrx_word' id='word_1_27' title='bbox 673 840 821 905; x_wconf 85' lang='lat' dir='ltr'>vidimus</span> <span class='ocrx_word' id='word_1_28' title='bbox 840 842 989 907; x_wconf 80' lang='lat' dir='ltr'>umbras.</span> 
     </span>
    </p>

    <p class='ocr_par' dir='ltr' id='par_1_5' title="bbox 141 950 1044 1034">
     <span class='ocr_line' id='line_1_6' title="bbox 141 950 1044 1034; baseline 0.004 -19"><span class='ocrx_word' id='word_1_29' title='bbox 141 951 307 1034; x_wconf 86' lang='lat' dir='ltr'><strong>Abruptis</strong></span> <span class='ocrx_word' id='word_1_30' title='bbox 323 950 471 1015; x_wconf 81' lang='lat' dir='ltr'>Catilina</span> <span class='ocrx_word' id='word_1_31' title='bbox 488 951 617 1025; x_wconf 86' lang='lat' dir='ltr'>minax,</span> <span class='ocrx_word' id='word_1_32' title='bbox 639 951 824 1033; x_wconf 81' lang='lat' dir='ltr'>fractisque</span> <span class='ocrx_word' id='word_1_33' title='bbox 840 952 973 1015; x_wconf 83' lang='lat' dir='ltr'>catenis</span> <span class='ocrx_word' id='word_1_34' title='bbox 1041 1012 1044 1019; x_wconf 93' lang='lat'><strong>.</strong></span> 
     </span>
    </p>

    <p class='ocr_par' dir='ltr' id='par_1_6' title="bbox 140 1060 954 1143">
     <span class='ocr_line' id='line_1_7' title="bbox 140 1060 954 1143; baseline 0 -16"><span class='ocrx_word' id='word_1_35' title='bbox 140 1062 293 1138; x_wconf 81' lang='lat' dir='ltr'>Exultat,</span> <span class='ocrx_word' id='word_1_36' title='bbox 309 1062 478 1142; x_wconf 84' lang='lat' dir='ltr'>Mariique</span> <span class='ocrx_word' id='word_1_37' title='bbox 500 1066 624 1136; x_wconf 88' lang='lat' dir='ltr'>truces,</span> <span class='ocrx_word' id='word_1_38' title='bbox 639 1062 787 1143; x_wconf 91' lang='lat' dir='ltr'>nudique</span> <span class='ocrx_word' id='word_1_39' title='bbox 802 1060 954 1143; x_wconf 75' lang='lat' dir='ltr'>Cethegi.</span> 
     </span>
    </p>

    <p class='ocr_par' dir='ltr' id='par_1_7' title="bbox 141 1170 1255 1475">
     <span class='ocr_line' id='line_1_8' title="bbox 142 1170 1255 1253; baseline 0.005 -18"><span class='ocrx_word' id='word_1_40' title='bbox 142 1170 225 1236; x_wconf 93' lang='lat' dir='ltr'>Vidi</span> <span class='ocrx_word' id='word_1_41' title='bbox 245 1193 308 1253; x_wconf 88' lang='lat' dir='ltr'>ego</span> <span class='ocrx_word' id='word_1_42' title='bbox 323 1173 478 1235; x_wconf 83' lang='lat' dir='ltr'>laetantes</span> <span class='ocrx_word' id='word_1_43' title='bbox 492 1172 673 1253; x_wconf 88' lang='lat' dir='ltr'>popularia</span> <span class='ocrx_word' id='word_1_44' title='bbox 693 1173 831 1235; x_wconf 92' lang='lat' dir='ltr'>nomina</span> <span class='ocrx_word' id='word_1_45' title='bbox 845 1172 1000 1251; x_wconf 82' lang='lat' dir='ltr'>Drusos3</span> <span class='ocrx_word' id='word_1_46' title='bbox 1085 1234 1089 1243; x_wconf 95' lang='grc'>,</span> <span class='ocrx_word' id='word_1_47' title='bbox 1173 1172 1255 1241; x_wconf 61' lang='grc'><strong>797</strong></span> 
     </span>
     <span class='ocr_line' id='line_1_9' title="bbox 142 1282 1093 1365; baseline 0 -18"><span class='ocrx_word' id='word_1_48' title='bbox 142 1283 291 1365; x_wconf 85' lang='lat' dir='ltr'>Legibus</span> <span class='ocrx_word' id='word_1_49' title='bbox 306 1282 521 1356; x_wconf 73' lang='lat' dir='ltr'>immodicos</span> <span class='ocrx_word' id='word_1_50' title='bbox 537 1301 708 1363; x_wconf 88' lang='lat' dir='ltr'>ausosque</span> <span class='ocrx_word' id='word_1_51' title='bbox 724 1283 873 1363; x_wconf 84' lang='lat' dir='ltr'>ingentia</span> <span class='ocrx_word' id='word_1_52' title='bbox 887 1282 1075 1349; x_wconf 83' lang='lat' dir='ltr'>Gracchos.</span> <span class='ocrx_word' id='word_1_53' title='bbox 1090 1318 1093 1323; x_wconf 95' lang='lat'>·</span> 
     </span>
     <span class='ocr_line' id='line_1_10' title="bbox 141 1392 923 1475; baseline 0 -18"><span class='ocrx_word' id='word_1_54' title='bbox 141 1394 290 1457; x_wconf 85' lang='lat' dir='ltr'>AEtemis</span> <span class='ocrx_word' id='word_1_55' title='bbox 307 1393 487 1475; x_wconf 88' lang='lat' dir='ltr'>chalybum</span> <span class='ocrx_word' id='word_1_56' title='bbox 501 1392 614 1467; x_wconf 76' lang='lat' dir='ltr'>nodiS,</span> <span class='ocrx_word' id='word_1_57' title='bbox 631 1398 668 1455; x_wconf 92' lang='lat' dir='ltr'>et</span> <span class='ocrx_word' id='word_1_58' title='bbox 680 1410 815 1456; x_wconf 87' lang='lat' dir='ltr'>carcere</span> <span class='ocrx_word' id='word_1_59' title='bbox 831 1393 923 1457; x_wconf 88' lang='lat' dir='ltr'>Ditis</span> 
     </span>
    </p>

    <p class='ocr_par' dir='ltr' id='par_1_8' title="bbox 141 1504 1088 1587">
     <span class='ocr_line' id='line_1_11' title="bbox 141 1504 1088 1587; baseline 0.001 -18"><span class='ocrx_word' id='word_1_60' title='bbox 141 1504 343 1569; x_wconf 83' lang='lat' dir='ltr'>Constrictae</span> <span class='ocrx_word' id='word_1_61' title='bbox 358 1505 515 1586; x_wconf 85' lang='lat' dir='ltr'>plausere</span> <span class='ocrx_word' id='word_1_62' title='bbox 530 1523 669 1567; x_wconf 88' lang='lat' dir='ltr'>manus:</span> <span class='ocrx_word' id='word_1_63' title='bbox 692 1514 901 1586; x_wconf 85' lang='lat' dir='ltr'>camposque</span> <span class='ocrx_word' id='word_1_64' title='bbox 912 1505 1052 1587; x_wconf 76' lang='lat' dir='ltr'>piorum</span> <span class='ocrx_word' id='word_1_65' title='bbox 1085 1564 1088 1569; x_wconf 93' lang='lat'><strong>.</strong></span> 
     </span>
    </p>

    <p class='ocr_par' dir='ltr' id='par_1_9' title="bbox 141 1613 964 1696">
     <span class='ocr_line' id='line_1_12' title="bbox 141 1613 964 1696; baseline 0.002 -19"><span class='ocrx_word' id='word_1_66' title='bbox 141 1613 262 1678; x_wconf 91' lang='lat' dir='ltr'>Poscit</span> <span class='ocrx_word' id='word_1_67' title='bbox 275 1615 374 1678; x_wconf 89' lang='lat' dir='ltr'>turba</span> <span class='ocrx_word' id='word_1_68' title='bbox 387 1633 526 1677; x_wconf 85' lang='lat' dir='ltr'>nocens.</span> <span class='ocrx_word' id='word_1_69' title='bbox 546 1615 640 1694; x_wconf 84' lang='lat' dir='ltr'>regni</span> <span class='ocrx_word' id='word_1_70' title='bbox 654 1632 834 1696; x_wconf 87' lang='lat' dir='ltr'>possessor</span> <span class='ocrx_word' id='word_1_71' title='bbox 848 1614 964 1679; x_wconf 84' lang='lat' dir='ltr'>inertis</span> 
     </span>
    </p>

    <p class='ocr_par' dir='ltr' id='par_1_10' title="bbox 141 1718 1249 2022">
     <span class='ocr_line' id='line_1_13' title="bbox 141 1718 1249 1807; baseline 0.006 -21"><span class='ocrx_word' id='word_1_72' title='bbox 141 1723 314 1788; x_wconf 84' lang='lat' dir='ltr'>Pallentes</span> <span class='ocrx_word' id='word_1_73' title='bbox 336 1724 445 1807; x_wconf 89' lang='lat' dir='ltr'>aperit</span> <span class='ocrx_word' id='word_1_74' title='bbox 455 1725 565 1801; x_wconf 87' lang='lat' dir='ltr'>sedes,</span> <span class='ocrx_word' id='word_1_75' title='bbox 582 1726 793 1806; x_wconf 86' lang='lat' dir='ltr'>abruptaque</span> <span class='ocrx_word' id='word_1_76' title='bbox 809 1744 897 1789; x_wconf 86' lang='lat' dir='ltr'>saxa</span> <span class='ocrx_word' id='word_1_77' title='bbox 1169 1718 1249 1793; x_wconf 70' lang='grc'><strong>800·</strong></span> 
     </span>
     <span class='ocr_line' id='line_1_14' title="bbox 141 1835 1211 1919; baseline 0.004 -21"><span class='ocrx_word' id='word_1_78' title='bbox 141 1835 301 1918; x_wconf 87' lang='lat' dir='ltr'>Asperat,</span> <span class='ocrx_word' id='word_1_79' title='bbox 318 1841 351 1899; x_wconf 90' lang='lat' dir='ltr'>et</span> <span class='ocrx_word' id='word_1_80' title='bbox 366 1835 485 1899; x_wconf 93' lang='lat' dir='ltr'>durum</span> <span class='ocrx_word' id='word_1_81' title='bbox 499 1836 623 1900; x_wconf 85' lang='lat' dir='ltr'>vinclis</span> <span class='ocrx_word' id='word_1_82' title='bbox 638 1836 831 1913; x_wconf 84' lang='lat' dir='ltr'>adamanta,</span> <span class='ocrx_word' id='word_1_83' title='bbox 846 1840 1011 1919; x_wconf 84' lang='lat' dir='ltr'>paratque</span> <span class='ocrx_word' id='word_1_84' title='bbox 1207 1848 1211 1853; x_wconf 87' lang='lat'>&#39;</span> 
     </span>
     <span class='ocr_line' id='line_1_15' title="bbox 141 1943 903 2022; baseline 0.003 -13"><span class='ocrx_word' id='word_1_85' title='bbox 141 1943 286 2009; x_wconf 84' lang='lat' dir='ltr'>Poenam</span> <span class='ocrx_word' id='word_1_86' title='bbox 301 1947 433 2010; x_wconf 89' lang='lat' dir='ltr'>victori.</span> <span class='ocrx_word' id='word_1_87' title='bbox 452 1946 539 2010; x_wconf 88' lang='lat' dir='ltr'>refer</span> <span class='ocrx_word' id='word_1_88' title='bbox 553 1947 628 2011; x_wconf 89' lang='lat' dir='ltr'>haec</span> <span class='ocrx_word' id='word_1_89' title='bbox 640 1947 765 2010; x_wconf 88' lang='lat' dir='ltr'>solatia</span> <span class='ocrx_word' id='word_1_90' title='bbox 778 1952 903 2022; x_wconf 80' lang='lat' dir='ltr'>tecum,¹</span> 
     </span>
    </p>

    <p class='ocr_par' dir='ltr' id='par_1_11' title="bbox 141 2054 1097 2250">
     <span class='ocr_line' id='line_1_16' title="bbox 141 2054 1097 2141; baseline 0.002 -22"><span class='ocrx_word' id='word_1_91' title='bbox 141 2054 173 2119; x_wconf 91' lang='grc' dir='ltr'><strong>Ο</strong></span> <span class='ocrx_word' id='word_1_92' title='bbox 191 2057 339 2141; x_wconf 86' lang='lat' dir='ltr'>juvenis,</span> <span class='ocrx_word' id='word_1_93' title='bbox 354 2057 493 2138; x_wconf 90' lang='lat' dir='ltr'>placido</span> <span class='ocrx_word' id='word_1_94' title='bbox 512 2077 641 2133; x_wconf 89' lang='lat' dir='ltr'>manes,</span> <span class='ocrx_word' id='word_1_95' title='bbox 655 2063 864 2140; x_wconf 88' lang='lat' dir='ltr'>patremque,</span> <span class='ocrx_word' id='word_1_96' title='bbox 879 2058 1097 2140; x_wconf 90' lang='lat' dir='ltr'>domumque,</span> 
     </span>
     <span class='ocr_line' id='line_1_17' title="bbox 142 2165 918 2250; baseline 0.004 -21"><span class='ocrx_word' id='word_1_97' title='bbox 142 2165 333 2249; x_wconf 82' lang='lat' dir='ltr'>Expectare</span> <span class='ocrx_word' id='word_1_98' title='bbox 354 2167 442 2242; x_wconf 92' lang='lat' dir='ltr'>sinu,</span> <span class='ocrx_word' id='word_1_99' title='bbox 456 2168 616 2249; x_wconf 80' lang='lat' dir='ltr'>regnique</span> <span class='ocrx_word' id='word_1_100' title='bbox 629 2167 672 2237; x_wconf 91' lang='lat' dir='ltr'>in</span> <span class='ocrx_word' id='word_1_101' title='bbox 687 2174 781 2250; x_wconf 90' lang='lat' dir='ltr'>parte</span> <span class='ocrx_word' id='word_1_102' title='bbox 798 2188 918 2233; x_wconf 87' lang='lat' dir='ltr'>serena</span> 
     </span>
    </p>

    <p class='ocr_par' dir='ltr' id='par_1_12' title="bbox 142 2274 1247 2361">
     <span class='ocr_line' id='line_1_18' title="bbox 142 2274 1247 2361; baseline 0.008 -23"><span class='ocrx_word' id='word_1_103' title='bbox 142 2274 310 2358; x_wconf 91' lang='lat' dir='ltr'>Pompeio</span> <span class='ocrx_word' id='word_1_104' title='bbox 326 2296 459 2340; x_wconf 87' lang='lat' dir='ltr'>servare</span> <span class='ocrx_word' id='word_1_105' title='bbox 475 2277 600 2340; x_wconf 90' lang='lat' dir='ltr'>locum.</span> <span class='ocrx_word' id='word_1_106' title='bbox 616 2296 679 2340; x_wconf 90' lang='lat' dir='ltr'>nec</span> <span class='ocrx_word' id='word_1_107' title='bbox 701 2278 809 2358; x_wconf 86' lang='lat' dir='ltr'>gloria</span> <span class='ocrx_word' id='word_1_108' title='bbox 823 2290 955 2361; x_wconf 74' lang='lat' dir='ltr'>parvae·</span> <span class='ocrx_word' id='word_1_109' title='bbox 1174 2278 1247 2347; x_wconf 70' lang='grc'>800</span> 
     </span>
    </p>
   </div>
   <div class='ocr_carea' id='block_1_3' title="bbox 141 2470 1238 2537">
    <p class='ocr_par' dir='ltr' id='par_1_13' title="bbox 141 2470 1238 2537">
     <span class='ocr_line' id='line_1_19' title="bbox 141 2470 1238 2537; baseline 0.004 -22"><span class='ocrx_word' id='word_1_110' title='bbox 141 2471 190 2520; x_wconf 88' lang='lat'>789</span> <span class='ocrx_word' id='word_1_111' title='bbox 199 2471 299 2518; x_wconf 67' lang='lat' dir='ltr'>stabolum.</span> <span class='ocrx_word' id='word_1_112' title='bbox 348 2475 515 2535; x_wconf 76' lang='lat' dir='ltr'>789etmojor.</span> <span class='ocrx_word' id='word_1_113' title='bbox 556 2475 604 2522; x_wconf 87' lang='lat'>797</span> <span class='ocrx_word' id='word_1_114' title='bbox 617 2473 706 2520; x_wconf 82' lang='lat' dir='ltr'>AEterui</span> <span class='ocrx_word' id='word_1_115' title='bbox 716 2473 820 2536; x_wconf 76' lang='lat' dir='ltr'>chalybis,</span> <span class='ocrx_word' id='word_1_116' title='bbox 832 2472 929 2520; x_wconf 82' lang='lat' dir='ltr'>AEt&#39;emis</span> <span class='ocrx_word' id='word_1_117' title='bbox 939 2472 1046 2537; x_wconf 71' lang='lat' dir='ltr'>chalybis.</span> <span class='ocrx_word' id='word_1_118' title='bbox 1094 2470 1238 2523; x_wconf 64' lang='lat' dir='ltr'>wallonis.</span> 
     </span>
    </p>
   </div>
   <div class='ocr_carea' id='block_1_4' title="bbox 89 2632 1311 4443">
    <p class='ocr_par' dir='ltr' id='par_1_14' title="bbox 141 2632 1250 3074">
     <span class='ocr_line' id='line_1_20' title="bbox 173 2632 1239 2699; baseline 0.002 -20"><span class='ocrx_word' id='word_1_119' title='bbox 173 2635 230 2683; x_wconf 86' lang='lat'><strong>789.</strong></span> <span class='ocrx_word' id='word_1_120' title='bbox 248 2633 323 2696; x_wconf 79' lang='lat' dir='ltr'>Major</span> <span class='ocrx_word' id='word_1_121' title='bbox 336 2634 555 2699; x_wconf 78' lang='lat' dir='ltr'>Carthaginislrostis,</span> <span class='ocrx_word' id='word_1_122' title='bbox 566 2634 623 2697; x_wconf 86' lang='lat' dir='ltr'>&amp;c.]</span> <span class='ocrx_word' id='word_1_123' title='bbox 632 2637 676 2683; x_wconf 86' lang='lat' dir='ltr'>Cs-</span> <span class='ocrx_word' id='word_1_124' title='bbox 734 2638 791 2683; x_wconf 89' lang='lat'><strong>796.</strong></span> <span class='ocrx_word' id='word_1_125' title='bbox 808 2635 919 2696; x_wconf 80' lang='lat' dir='ltr'>Ausosqne</span> <span class='ocrx_word' id='word_1_126' title='bbox 927 2636 1030 2699; x_wconf 78' lang='lat' dir='ltr'>ingentio</span> <span class='ocrx_word' id='word_1_127' title='bbox 1043 2632 1178 2697; x_wconf 70' lang='lat' dir='ltr'>Gracchos]</span> <span class='ocrx_word' id='word_1_128' title='bbox 1187 2634 1239 2681; x_wconf 72' lang='lat' dir='ltr'>&#39;lib-</span> 
     </span>
     <span class='ocr_line' id='line_1_21' title="bbox 142 2698 1239 2761; baseline 0.003 -17"><span class='ocrx_word' id='word_1_129' title='bbox 142 2706 167 2744; x_wconf 87' lang='lat' dir='ltr'>to</span> <span class='ocrx_word' id='word_1_130' title='bbox 178 2700 253 2759; x_wconf 82' lang='lat' dir='ltr'>Major</span> <span class='ocrx_word' id='word_1_131' title='bbox 264 2700 316 2761; x_wconf 91' lang='lat' dir='ltr'>(qui</span> <span class='ocrx_word' id='word_1_132' title='bbox 334 2701 425 2747; x_wconf 86' lang='lat' dir='ltr'>srciscx</span> <span class='ocrx_word' id='word_1_133' title='bbox 435 2700 514 2746; x_wconf 81' lang='lat' dir='ltr'>Africa</span> <span class='ocrx_word' id='word_1_134' title='bbox 530 2702 634 2746; x_wconf 84' lang='lat' dir='ltr'>advectis</span> <span class='ocrx_word' id='word_1_135' title='bbox 653 2708 676 2747; x_wconf 86' lang='lat' dir='ltr'>et</span> <span class='ocrx_word' id='word_1_136' title='bbox 703 2702 762 2747; x_wconf 84' lang='lat' dir='ltr'>etC.</span> <span class='ocrx_word' id='word_1_137' title='bbox 785 2701 882 2746; x_wconf 81' lang='lat' dir='ltr'>Gracchi</span> <span class='ocrx_word' id='word_1_138' title='bbox 900 2700 929 2746; x_wconf 77' lang='lat' dir='ltr'>fr.</span> <span class='ocrx_word' id='word_1_139' title='bbox 948 2700 1012 2747; x_wconf 78' lang='lat' dir='ltr'>&#39;l&#39;rilu</span> <span class='ocrx_word' id='word_1_140' title='bbox 1033 2700 1066 2761; x_wconf 91' lang='lat' dir='ltr'>pl.</span> <span class='ocrx_word' id='word_1_141' title='bbox 1084 2698 1239 2747; x_wconf 78' lang='lat' dir='ltr'>seditionibus</span> 
     </span>
     <span class='ocr_line' id='line_1_22' title="bbox 142 2763 1239 2826; baseline 0.002 -18"><span class='ocrx_word' id='word_1_142' title='bbox 142 2763 166 2808; x_wconf 93' lang='lat' dir='ltr'>in</span> <span class='ocrx_word' id='word_1_143' title='bbox 177 2772 255 2810; x_wconf 87' lang='lat' dir='ltr'>senatu</span> <span class='ocrx_word' id='word_1_144' title='bbox 268 2765 359 2819; x_wconf 81' lang='lat' dir='ltr'>dolatis,</span> <span class='ocrx_word' id='word_1_145' title='bbox 370 2765 431 2810; x_wconf 87' lang='lat' dir='ltr'>omni</span> <span class='ocrx_word' id='word_1_146' title='bbox 443 2780 490 2809; x_wconf 77' lang='lat' dir='ltr'>sua¹</span> <span class='ocrx_word' id='word_1_147' title='bbox 503 2766 531 2810; x_wconf 90' lang='lat' dir='ltr'>de</span> <span class='ocrx_word' id='word_1_148' title='bbox 542 2780 675 2824; x_wconf 86' lang='lat' dir='ltr'>quacunque</span> <span class='ocrx_word' id='word_1_149' title='bbox 703 2763 1239 2826; x_wconf 64' lang='lat' dir='ltr'>vexaruntRemppromulgstislegihushgn·</span> 
     </span>
     <span class='ocr_line' id='line_1_23' title="bbox 141 2827 1064 2888; baseline 0.001 -14"><span class='ocrx_word' id='word_1_150' title='bbox 141 2843 167 2874; x_wconf 84' lang='lat' dir='ltr'>re</span> <span class='ocrx_word' id='word_1_151' title='bbox 182 2828 299 2874; x_wconf 78' lang='lat' dir='ltr'>sententiaa</span> <span class='ocrx_word' id='word_1_152' title='bbox 311 2829 408 2888; x_wconf 83' lang='lat' dir='ltr'>adjecit:</span> <span class='ocrx_word' id='word_1_153' title='bbox 428 2827 505 2876; x_wconf 67' lang='lat' dir='ltr'>Vides</span> <span class='ocrx_word' id='word_1_154' title='bbox 521 2830 562 2874; x_wconf 78' lang='lat' dir='ltr'>sibi</span> <span class='ocrx_word' id='word_1_155' title='bbox 572 2836 594 2875; x_wconf 85' lang='lat' dir='ltr'>et</span> <span class='ocrx_word' id='word_1_156' title='bbox 603 2830 676 2876; x_wconf 75' lang='lat' dir='ltr'>delen-</span> <span class='ocrx_word' id='word_1_157' title='bbox 703 2831 745 2884; x_wconf 84' lang='lat' dir='ltr'>ria,</span> <span class='ocrx_word' id='word_1_158' title='bbox 756 2830 922 2886; x_wconf 79' lang='lat' dir='ltr'>Frumenturis,</span> <span class='ocrx_word' id='word_1_159' title='bbox 930 2828 1064 2880; x_wconf 76' lang='lat' dir='ltr'>Judicisris.</span> 
     </span>
     <span class='ocr_line' id='line_1_24' title="bbox 142 2889 1250 2956; baseline 0.003 -20"><span class='ocrx_word' id='word_1_160' title='bbox 142 2892 193 2936; x_wconf 88' lang='lat' dir='ltr'>dam</span> <span class='ocrx_word' id='word_1_161' title='bbox 218 2891 393 2955; x_wconf 76' lang='lat' dir='ltr'>Carthaginem)</span> <span class='ocrx_word' id='word_1_162' title='bbox 412 2901 495 2939; x_wconf 86' lang='lat' dir='ltr'>moerot</span> <span class='ocrx_word' id='word_1_163' title='bbox 514 2895 560 2939; x_wconf 84' lang='lat' dir='ltr'>luta</span> <span class='ocrx_word' id='word_1_164' title='bbox 583 2896 676 2941; x_wconf 86' lang='lat' dir='ltr'>Catonis</span> <span class='ocrx_word' id='word_1_165' title='bbox 734 2896 790 2941; x_wconf 90' lang='grc'><strong>797.</strong></span> <span class='ocrx_word' id='word_1_166' title='bbox 808 2892 1035 2956; x_wconf 75' lang='lat' dir='ltr'>AEtemischulybusa</span> <span class='ocrx_word' id='word_1_167' title='bbox 1045 2889 1127 2953; x_wconf 71' lang='lat' dir='ltr'>nodis]</span> <span class='ocrx_word' id='word_1_168' title='bbox 1144 2890 1250 2939; x_wconf 63' lang='lat' dir='ltr'>rm=</span> 
     </span>
     <span class='ocr_line' id='line_1_25' title="bbox 143 2956 1241 3015; baseline 0.005 -15"><span class='ocrx_word' id='word_1_169' title='bbox 143 2956 248 3012; x_wconf 80' lang='lat' dir='ltr'>Minoris,</span> <span class='ocrx_word' id='word_1_170' title='bbox 260 2957 297 3015; x_wconf 89' lang='lat' dir='ltr'>qui</span> <span class='ocrx_word' id='word_1_171' title='bbox 310 2972 337 3002; x_wconf 79' lang='lat' dir='ltr'>ue</span> <span class='ocrx_word' id='word_1_172' title='bbox 346 2957 484 3002; x_wconf 84' lang='lat' dir='ltr'>dominatum</span> <span class='ocrx_word' id='word_1_173' title='bbox 497 2958 596 3003; x_wconf 73' lang='lat' dir='ltr'>Caesaris</span> <span class='ocrx_word' id='word_1_174' title='bbox 612 2958 677 3004; x_wconf 81' lang='lat' dir='ltr'>vide·</span> <span class='ocrx_word' id='word_1_175' title='bbox 703 2957 802 3003; x_wconf 87' lang='lat' dir='ltr'>vinculis</span> <span class='ocrx_word' id='word_1_176' title='bbox 823 2957 847 3003; x_wconf 88' lang='lat' dir='ltr'>in</span> <span class='ocrx_word' id='word_1_177' title='bbox 867 2958 962 3005; x_wconf 70' lang='lat' dir='ltr'>Tartaro</span> <span class='ocrx_word' id='word_1_178' title='bbox 984 2957 1079 3003; x_wconf 66' lang='lat' dir='ltr'>coerciti</span> <span class='ocrx_word' id='word_1_179' title='bbox 1099 2956 1200 3003; x_wconf 70' lang='lat' dir='ltr'>Gnosii</span> <span class='ocrx_word' id='word_1_180' title='bbox 1215 2962 1241 3005; x_wconf 74' lang='lat' dir='ltr'>ot</span> 
     </span>
     <span class='ocr_line' id='line_1_26' title="bbox 142 3020 1077 3074; baseline 0.002 -9"><span class='ocrx_word' id='word_1_181' title='bbox 142 3027 187 3074; x_wconf 85' lang='lat' dir='ltr'>ret,</span> <span class='ocrx_word' id='word_1_182' title='bbox 196 3020 344 3066; x_wconf 86' lang='lat' dir='ltr'>sibimortem</span> <span class='ocrx_word' id='word_1_183' title='bbox 352 3021 549 3069; x_wconf 82' lang='lat' dir='ltr'>conscivitUticae</span> <span class='ocrx_word' id='word_1_184' title='bbox 557 3022 596 3068; x_wconf 90' lang='lat' dir='ltr'>lib.</span> <span class='ocrx_word' id='word_1_185' title='bbox 607 3026 630 3069; x_wconf 80' lang='grc'><strong>8.</strong></span> <span class='ocrx_word' id='word_1_186' title='bbox 642 3039 676 3070; x_wconf 84' lang='lat' dir='ltr'>vs.</span> <span class='ocrx_word' id='word_1_187' title='bbox 703 3021 790 3067; x_wconf 72' lang='lat' dir='ltr'>‹usteri</span> <span class='ocrx_word' id='word_1_188' title='bbox 1071 3024 1077 3031; x_wconf 93' lang='grc'><strong>“</strong></span> 
     </span>
    </p>

    <p class='ocr_par' dir='ltr' id='par_1_15' title="bbox 143 3082 1239 3147">
     <span class='ocr_line' id='line_1_27' title="bbox 143 3082 1239 3147; baseline 0.001 -17"><span class='ocrx_word' id='word_1_189' title='bbox 143 3087 199 3132; x_wconf 77' lang='lat'>247.</span> <span class='ocrx_word' id='word_1_190' title='bbox 211 3092 235 3130; x_wconf 88' lang='lat' dir='ltr'>et</span> <span class='ocrx_word' id='word_1_191' title='bbox 246 3085 362 3143; x_wconf 83' lang='lat' dir='ltr'>deinceps.</span> <span class='ocrx_word' id='word_1_192' title='bbox 373 3093 397 3131; x_wconf 84' lang='lat' dir='ltr'>et</span> <span class='ocrx_word' id='word_1_193' title='bbox 406 3101 475 3147; x_wconf 82' lang='lat' dir='ltr'>supro</span> <span class='ocrx_word' id='word_1_194' title='bbox 487 3102 520 3132; x_wconf 83' lang='lat' dir='ltr'>rs.</span> <span class='ocrx_word' id='word_1_195' title='bbox 532 3089 588 3131; x_wconf 81' lang='lat'><strong>311.</strong></span> <span class='ocrx_word' id='word_1_196' title='bbox 734 3089 792 3134; x_wconf 89' lang='lat'><strong>798.</strong></span> <span class='ocrx_word' id='word_1_197' title='bbox 809 3084 916 3131; x_wconf 79' lang='lat' dir='ltr'>Pluusere</span> <span class='ocrx_word' id='word_1_198' title='bbox 931 3083 1031 3146; x_wconf 77' lang='lat' dir='ltr'>uranus]</span> <span class='ocrx_word' id='word_1_199' title='bbox 1053 3082 1169 3131; x_wconf 72' lang='lat' dir='ltr'>Gratulsli</span> <span class='ocrx_word' id='word_1_200' title='bbox 1190 3084 1239 3131; x_wconf 80' lang='lat' dir='ltr'>‹lis-</span> 
     </span>
    </p>

    <p class='ocr_par' dir='ltr' id='par_1_16' title="bbox 143 3148 1241 3456">
     <span class='ocr_line' id='line_1_28' title="bbox 175 3148 1238 3212; baseline 0.001 -18"><span class='ocrx_word' id='word_1_201' title='bbox 175 3151 230 3196; x_wconf 88' lang='lat'><strong>791.</strong></span> <span class='ocrx_word' id='word_1_202' title='bbox 247 3149 330 3196; x_wconf 82' lang='lat' dir='ltr'>Consul</span> <span class='ocrx_word' id='word_1_203' title='bbox 351 3149 454 3209; x_wconf 78' lang='lat' dir='ltr'>depulsis,</span> <span class='ocrx_word' id='word_1_204' title='bbox 474 3149 530 3212; x_wconf 75' lang='lat' dir='ltr'>dra]</span> <span class='ocrx_word' id='word_1_205' title='bbox 549 3152 577 3196; x_wconf 80' lang='lat' dir='ltr'>h.</span> <span class='ocrx_word' id='word_1_206' title='bbox 594 3148 677 3197; x_wconf 89' lang='lat' dir='ltr'>Junius</span> <span class='ocrx_word' id='word_1_207' title='bbox 702 3150 788 3196; x_wconf 72' lang='lat' dir='ltr'>cordiae</span> <span class='ocrx_word' id='word_1_208' title='bbox 797 3155 822 3196; x_wconf 86' lang='lat' dir='ltr'>ot</span> <span class='ocrx_word' id='word_1_209' title='bbox 831 3150 938 3196; x_wconf 88' lang='lat' dir='ltr'>tumultui</span> <span class='ocrx_word' id='word_1_210' title='bbox 949 3150 1018 3209; x_wconf 82' lang='lat' dir='ltr'>Rcip.</span> <span class='ocrx_word' id='word_1_211' title='bbox 1035 3149 1090 3208; x_wconf 75' lang='lat' dir='ltr'>quis</span> <span class='ocrx_word' id='word_1_212' title='bbox 1099 3148 1238 3195; x_wconf 69' lang='lat' dir='ltr'>unitam-</span> 
     </span>
     <span class='ocr_line' id='line_1_29' title="bbox 144 3212 1241 3275; baseline 0 -16"><span class='ocrx_word' id='word_1_213' title='bbox 144 3213 321 3275; x_wconf 86' lang='lat' dir='ltr'>Brutusregurn</span> <span class='ocrx_word' id='word_1_214' title='bbox 333 3222 436 3267; x_wconf 81' lang='lat' dir='ltr'>exactor,</span> <span class='ocrx_word' id='word_1_215' title='bbox 453 3215 541 3274; x_wconf 87' lang='lat' dir='ltr'>primus</span> <span class='ocrx_word' id='word_1_216' title='bbox 552 3230 605 3260; x_wconf 91' lang='lat' dir='ltr'>cum</span> <span class='ocrx_word' id='word_1_217' title='bbox 621 3215 677 3261; x_wconf 85' lang='lat' dir='ltr'>&#39;l&#39;ar-</span> <span class='ocrx_word' id='word_1_218' title='bbox 702 3229 742 3268; x_wconf 73' lang='lat' dir='ltr'>ru,</span> <span class='ocrx_word' id='word_1_219' title='bbox 754 3215 859 3273; x_wconf 82' lang='lat' dir='ltr'>uecipsa</span> <span class='ocrx_word' id='word_1_220' title='bbox 878 3214 902 3260; x_wconf 92' lang='lat' dir='ltr'>in</span> <span class='ocrx_word' id='word_1_221' title='bbox 917 3220 991 3261; x_wconf 84' lang='lat' dir='ltr'>morte</span> <span class='ocrx_word' id='word_1_222' title='bbox 1001 3213 1119 3259; x_wconf 83' lang='lat' dir='ltr'>recedunt.</span> <span class='ocrx_word' id='word_1_223' title='bbox 1138 3212 1241 3275; x_wconf 59' lang='grc' dir='ltr'>(ἔπειμ-</span> 
     </span>
     <span class='ocr_line' id='line_1_30' title="bbox 143 3277 1241 3340; baseline 0.002 -16"><span class='ocrx_word' id='word_1_224' title='bbox 143 3278 221 3338; x_wconf 88' lang='lat' dir='ltr'>quinio</span> <span class='ocrx_word' id='word_1_225' title='bbox 232 3279 345 3325; x_wconf 84' lang='lat' dir='ltr'>Collatino</span> <span class='ocrx_word' id='word_1_226' title='bbox 363 3278 449 3326; x_wconf 87' lang='lat' dir='ltr'>Consul</span> <span class='ocrx_word' id='word_1_227' title='bbox 465 3279 548 3324; x_wconf 83' lang='lat' dir='ltr'>fruitur</span> <span class='ocrx_word' id='word_1_228' title='bbox 565 3279 619 3325; x_wconf 85' lang='lat' dir='ltr'>laeta</span> <span class='ocrx_word' id='word_1_229' title='bbox 636 3295 676 3340; x_wconf 86' lang='lat' dir='ltr'>spe</span> <span class='ocrx_word' id='word_1_230' title='bbox 703 3293 744 3339; x_wconf 86' lang='lat' dir='ltr'>que</span> <span class='ocrx_word' id='word_1_231' title='bbox 752 3277 862 3339; x_wconf 71' lang='lat' dir='ltr'>piorum]</span> <span class='ocrx_word' id='word_1_232' title='bbox 879 3279 1047 3324; x_wconf 80' lang='lat' dir='ltr'>Dammtorunr</span> <span class='ocrx_word' id='word_1_233' title='bbox 1054 3282 1241 3337; x_wconf 69' lang='lat' dir='ltr'>multumt</span> 
     </span>
     <span class='ocr_line' id='line_1_31' title="bbox 143 3340 1239 3404; baseline -0.001 -14"><span class='ocrx_word' id='word_1_234' title='bbox 143 3343 243 3390; x_wconf 82' lang='lat' dir='ltr'>Caesaris</span> <span class='ocrx_word' id='word_1_235' title='bbox 254 3343 308 3390; x_wconf 91' lang='lat' dir='ltr'>olim</span> <span class='ocrx_word' id='word_1_236' title='bbox 320 3343 471 3391; x_wconf 87' lang='lat' dir='ltr'>interficiendi</span> <span class='ocrx_word' id='word_1_237' title='bbox 489 3344 677 3404; x_wconf 83' lang='lat' dir='ltr'>ssuuprogonio</span> <span class='ocrx_word' id='word_1_238' title='bbox 703 3342 748 3388; x_wconf 85' lang='lat' dir='ltr'>sibi</span> <span class='ocrx_word' id='word_1_239' title='bbox 762 3343 875 3401; x_wconf 83' lang='lat' dir='ltr'>Elysium,</span> <span class='ocrx_word' id='word_1_240' title='bbox 889 3349 915 3388; x_wconf 89' lang='lat' dir='ltr'>ut</span> <span class='ocrx_word' id='word_1_241' title='bbox 925 3342 993 3389; x_wconf 80' lang='lat' dir='ltr'>novis</span> <span class='ocrx_word' id='word_1_242' title='bbox 1007 3341 1095 3389; x_wconf 85' lang='lat' dir='ltr'>chollo</span> <span class='ocrx_word' id='word_1_243' title='bbox 1112 3340 1182 3388; x_wconf 78' lang='lat' dir='ltr'>civili</span> <span class='ocrx_word' id='word_1_244' title='bbox 1195 3342 1239 3389; x_wconf 69' lang='lat' dir='ltr'>&#39;ld-</span> 
     </span>
     <span class='ocr_line' id='line_1_32' title="bbox 144 3406 897 3456; baseline -0.003 0"><span class='ocrx_word' id='word_1_245' title='bbox 144 3409 179 3456; x_wconf 85' lang='lat' dir='ltr'>M.</span> <span class='ocrx_word' id='word_1_246' title='bbox 191 3415 215 3455; x_wconf 87' lang='lat' dir='ltr'>et</span> <span class='ocrx_word' id='word_1_247' title='bbox 226 3411 257 3456; x_wconf 86' lang='lat' dir='ltr'>D.</span> <span class='ocrx_word' id='word_1_248' title='bbox 270 3408 357 3454; x_wconf 88' lang='lat' dir='ltr'>Brutis.</span> <span class='ocrx_word' id='word_1_249' title='bbox 703 3406 769 3453; x_wconf 81' lang='lat' dir='ltr'>renis</span> <span class='ocrx_word' id='word_1_250' title='bbox 783 3407 848 3453; x_wconf 91' lang='lat' dir='ltr'>locus</span> <span class='ocrx_word' id='word_1_251' title='bbox 859 3407 897 3455; x_wconf 87' lang='lat' dir='ltr'>sit.</span> 
     </span>
    </p>

    <p class='ocr_par' dir='ltr' id='par_1_17' title="bbox 89 3467 1311 3664">
     <span class='ocr_line' id='line_1_33' title="bbox 89 3467 1240 3534; baseline -0.004 -12"><span class='ocrx_word' id='word_1_252' title='bbox 89 3478 97 3498; x_wconf 89' lang='lat'>&#39;</span> <span class='ocrx_word' id='word_1_253' title='bbox 177 3478 233 3522; x_wconf 86' lang='grc'><strong>793.</strong></span> <span class='ocrx_word' id='word_1_254' title='bbox 251 3473 349 3519; x_wconf 78' lang='lat' dir='ltr'>Catilina</span> <span class='ocrx_word' id='word_1_255' title='bbox 359 3469 453 3532; x_wconf 71' lang='lat' dir='ltr'>mim]</span> <span class='ocrx_word' id='word_1_256' title='bbox 466 3470 677 3531; x_wconf 78' lang='lat' dir='ltr'>Seditiosuslteip.</span> <span class='ocrx_word' id='word_1_257' title='bbox 736 3473 792 3518; x_wconf 84' lang='lat'><strong>799.</strong></span> <span class='ocrx_word' id='word_1_258' title='bbox 810 3470 886 3534; x_wconf 76' lang='lat' dir='ltr'>Regni</span> <span class='ocrx_word' id='word_1_259' title='bbox 894 3484 1004 3531; x_wconf 67' lang='lat' dir='ltr'>possem,</span> <span class='ocrx_word' id='word_1_260' title='bbox 1015 3467 1072 3533; x_wconf 72' lang='lat' dir='ltr'>dra]</span> <span class='ocrx_word' id='word_1_261' title='bbox 1089 3468 1240 3517; x_wconf 62' lang='lat' dir='ltr'>Plutum</span> 
     </span>
     <span class='ocr_line' id='line_1_34' title="bbox 142 3532 1240 3598; baseline -0.001 -16"><span class='ocrx_word' id='word_1_262' title='bbox 142 3537 231 3583; x_wconf 83' lang='lat' dir='ltr'>ruinam</span> <span class='ocrx_word' id='word_1_263' title='bbox 237 3538 338 3584; x_wconf 87' lang='lat' dir='ltr'>molitus.</span> <span class='ocrx_word' id='word_1_264' title='bbox 345 3536 455 3584; x_wconf 84' lang='lat' dir='ltr'>notusvel</span> <span class='ocrx_word' id='word_1_265' title='bbox 463 3536 677 3595; x_wconf 83' lang='lat' dir='ltr'>pueriseSalustio.</span> <span class='ocrx_word' id='word_1_266' title='bbox 702 3536 799 3581; x_wconf 80' lang='lat' dir='ltr'>Tartara</span> <span class='ocrx_word' id='word_1_267' title='bbox 808 3534 851 3581; x_wconf 92' lang='lat' dir='ltr'>lib.</span> <span class='ocrx_word' id='word_1_268' title='bbox 865 3539 888 3583; x_wconf 88' lang='grc'>3.</span> <span class='ocrx_word' id='word_1_269' title='bbox 907 3551 943 3581; x_wconf 83' lang='lat' dir='ltr'>vs.</span> <span class='ocrx_word' id='word_1_270' title='bbox 957 3537 995 3580; x_wconf 86' lang='lat'>17.</span> <span class='ocrx_word' id='word_1_271' title='bbox 1012 3541 1037 3580; x_wconf 83' lang='lat' dir='ltr'>st</span> <span class='ocrx_word' id='word_1_272' title='bbox 1050 3540 1118 3598; x_wconf 68' lang='lat' dir='ltr'>punt</span> <span class='ocrx_word' id='word_1_273' title='bbox 1134 3548 1199 3580; x_wconf 75' lang='lat' dir='ltr'>urm</span> <span class='ocrx_word' id='word_1_274' title='bbox 1213 3532 1240 3581; x_wconf 82' lang='grc' dir='ltr'>ίιι</span> 
     </span>
     <span class='ocr_line' id='line_1_35' title="bbox 145 3598 1311 3664; baseline -0.002 -18"><span class='ocrx_word' id='word_1_275' title='bbox 145 3599 254 3664; x_wconf 63' lang='lat' dir='ltr'>Catenis]</span> <span class='ocrx_word' id='word_1_276' title='bbox 266 3602 357 3658; x_wconf 86' lang='lat' dir='ltr'>Quibus</span> <span class='ocrx_word' id='word_1_277' title='bbox 367 3601 459 3647; x_wconf 82' lang='lat' dir='ltr'>vinctus</span> <span class='ocrx_word' id='word_1_278' title='bbox 470 3608 519 3647; x_wconf 86' lang='lat' dir='ltr'>erut</span> <span class='ocrx_word' id='word_1_279' title='bbox 530 3601 554 3646; x_wconf 89' lang='lat' dir='ltr'>in</span> <span class='ocrx_word' id='word_1_280' title='bbox 565 3603 667 3647; x_wconf 76' lang='lat' dir='ltr'>&#39;l&#39;artura</span> <span class='ocrx_word' id='word_1_281' title='bbox 703 3615 783 3658; x_wconf 77' lang='lat' dir='ltr'>penas</span> <span class='ocrx_word' id='word_1_282' title='bbox 794 3606 923 3653; x_wconf 84' lang='lat' dir='ltr'>nocentum,</span> <span class='ocrx_word' id='word_1_283' title='bbox 934 3615 991 3645; x_wconf 74' lang='lat' dir='ltr'>saxu</span> <span class='ocrx_word' id='word_1_284' title='bbox 998 3604 1147 3658; x_wconf 69' lang='lat' dir='ltr'>proruptus</span> <span class='ocrx_word' id='word_1_285' title='bbox 1155 3598 1239 3645; x_wconf 70' lang='lat' dir='ltr'>ohtu</span> <span class='ocrx_word' id='word_1_286' title='bbox 1308 3604 1311 3609; x_wconf 84' lang='lat'>&#39;</span> 
     </span>
    </p>

    <p class='ocr_par' dir='ltr' id='par_1_18' title="bbox 143 3661 1247 4047">
     <span class='ocr_line' id='line_1_36' title="bbox 176 3661 1247 3727; baseline -0.002 -16"><span class='ocrx_word' id='word_1_287' title='bbox 176 3668 232 3714; x_wconf 80' lang='grc'><strong>794.</strong></span> <span class='ocrx_word' id='word_1_288' title='bbox 251 3665 363 3727; x_wconf 75' lang='lat' dir='ltr'>Martique</span> <span class='ocrx_word' id='word_1_289' title='bbox 381 3665 474 3727; x_wconf 72' lang='lat' dir='ltr'>truces]</span> <span class='ocrx_word' id='word_1_290' title='bbox 496 3668 524 3712; x_wconf 92' lang='lat' dir='ltr'>C.</span> <span class='ocrx_word' id='word_1_291' title='bbox 542 3665 632 3712; x_wconf 76' lang='lat' dir='ltr'>triarios</span> <span class='ocrx_word' id='word_1_292' title='bbox 649 3665 678 3710; x_wconf 90' lang='lat' dir='ltr'>li·</span> <span class='ocrx_word' id='word_1_293' title='bbox 703 3663 1070 3722; x_wconf 66' lang='lat' dir='ltr'>asporatsdumautinascstenes</span> <span class='ocrx_word' id='word_1_294' title='bbox 1079 3661 1179 3723; x_wconf 70' lang='lat' dir='ltr'>refingit.</span> <span class='ocrx_word' id='word_1_295' title='bbox 1243 3686 1247 3691; x_wconf 96' lang='lat'>·</span> 
     </span>
     <span class='ocr_line' id='line_1_37' title="bbox 144 3724 1239 3789; baseline -0.004 -13"><span class='ocrx_word' id='word_1_296' title='bbox 144 3730 187 3776; x_wconf 89' lang='lat' dir='ltr'>bro</span> <span class='ocrx_word' id='word_1_297' title='bbox 199 3733 221 3776; x_wconf 72' lang='grc'>7.</span> <span class='ocrx_word' id='word_1_298' title='bbox 234 3746 269 3776; x_wconf 87' lang='lat' dir='ltr'>vs.</span> <span class='ocrx_word' id='word_1_299' title='bbox 281 3733 319 3777; x_wconf 89' lang='lat'>69.</span> <span class='ocrx_word' id='word_1_300' title='bbox 330 3737 354 3777; x_wconf 84' lang='lat' dir='ltr'>et</span> <span class='ocrx_word' id='word_1_301' title='bbox 362 3730 472 3789; x_wconf 84' lang='lat' dir='ltr'>deinceps</span> <span class='ocrx_word' id='word_1_302' title='bbox 482 3744 488 3785; x_wconf 88' lang='lat'>;</span> <span class='ocrx_word' id='word_1_303' title='bbox 504 3731 633 3776; x_wconf 80' lang='lat' dir='ltr'>cumfratre</span> <span class='ocrx_word' id='word_1_304' title='bbox 643 3731 676 3776; x_wconf 88' lang='lat' dir='ltr'>M.</span> <span class='ocrx_word' id='word_1_305' title='bbox 736 3731 792 3776; x_wconf 79' lang='grc'><strong>808.</strong></span> <span class='ocrx_word' id='word_1_306' title='bbox 811 3726 913 3788; x_wconf 69' lang='lat' dir='ltr'>Varus]</span> <span class='ocrx_word' id='word_1_307' title='bbox 931 3726 1017 3775; x_wconf 71' lang='lat' dir='ltr'>Cassri</span> <span class='ocrx_word' id='word_1_308' title='bbox 1027 3732 1052 3773; x_wconf 86' lang='lat' dir='ltr'>ct</span> <span class='ocrx_word' id='word_1_309' title='bbox 1062 3725 1113 3772; x_wconf 85' lang='lat' dir='ltr'>suis</span> <span class='ocrx_word' id='word_1_310' title='bbox 1121 3724 1239 3777; x_wconf 71' lang='lat' dir='ltr'>liberulis</span> 
     </span>
     <span class='ocr_line' id='line_1_38' title="bbox 143 3791 972 3859; baseline -0.006 -18"><span class='ocrx_word' id='word_1_311' title='bbox 143 3801 167 3841; x_wconf 86' lang='lat' dir='ltr'>et</span> <span class='ocrx_word' id='word_1_312' title='bbox 178 3793 232 3840; x_wconf 89' lang='lat' dir='ltr'>lilio.</span> <span class='ocrx_word' id='word_1_313' title='bbox 251 3792 376 3859; x_wconf 66' lang='lat' dir='ltr'>Nodique]</span> <span class='ocrx_word' id='word_1_314' title='bbox 394 3795 466 3841; x_wconf 87' lang='lat' dir='ltr'>Silius</span> <span class='ocrx_word' id='word_1_315' title='bbox 476 3796 507 3842; x_wconf 93' lang='lat' dir='ltr'>It.</span> <span class='ocrx_word' id='word_1_316' title='bbox 525 3794 575 3855; x_wconf 83' lang='lat' dir='ltr'>lpse</span> <span class='ocrx_word' id='word_1_317' title='bbox 586 3794 678 3839; x_wconf 82' lang='lat' dir='ltr'>humero</span> <span class='ocrx_word' id='word_1_318' title='bbox 706 3792 772 3851; x_wconf 86' lang='lat' dir='ltr'>Reip.</span> <span class='ocrx_word' id='word_1_319' title='bbox 790 3791 972 3854; x_wconf 77' lang='lat' dir='ltr'>oppressoribus.</span> 
     </span>
     <span class='ocr_line' id='line_1_39' title="bbox 143 3852 1239 3921; baseline -0.005 -15"><span class='ocrx_word' id='word_1_320' title='bbox 143 3867 229 3906; x_wconf 69' lang='lat' dir='ltr'>camus</span> <span class='ocrx_word' id='word_1_321' title='bbox 238 3860 318 3921; x_wconf 83' lang='lat' dir='ltr'>gentili</span> <span class='ocrx_word' id='word_1_322' title='bbox 334 3874 402 3916; x_wconf 85' lang='lat' dir='ltr'>more,</span> <span class='ocrx_word' id='word_1_323' title='bbox 419 3858 463 3905; x_wconf 78' lang='lat' dir='ltr'>&amp;a</span> <span class='ocrx_word' id='word_1_324' title='bbox 482 3858 608 3920; x_wconf 67' lang='lat' dir='ltr'>Nudiqus]</span> <span class='ocrx_word' id='word_1_325' title='bbox 625 3858 678 3904; x_wconf 83' lang='lat' dir='ltr'>Lib·</span> <span class='ocrx_word' id='word_1_326' title='bbox 714 3886 717 3890; x_wconf 93' lang='lat'><em>-</em></span> <span class='ocrx_word' id='word_1_327' title='bbox 737 3858 793 3903; x_wconf 79' lang='grc'><strong>800.</strong></span> <span class='ocrx_word' id='word_1_328' title='bbox 811 3855 952 3917; x_wconf 75' lang='lat' dir='ltr'>Patremque,</span> <span class='ocrx_word' id='word_1_329' title='bbox 960 3854 1112 3917; x_wconf 62' lang='lat' dir='ltr'>mumque]</span> <span class='ocrx_word' id='word_1_330' title='bbox 1124 3852 1239 3901; x_wconf 64' lang='lat' dir='ltr'>&#39;Canis-</span> 
     </span>
     <span class='ocr_line' id='line_1_40' title="bbox 143 3916 1239 3987; baseline -0.006 -16"><span class='ocrx_word' id='word_1_331' title='bbox 143 3927 166 3981; x_wconf 75' lang='lat'>2,</span> <span class='ocrx_word' id='word_1_332' title='bbox 179 3939 214 3970; x_wconf 86' lang='lat' dir='ltr'>rs.</span> <span class='ocrx_word' id='word_1_333' title='bbox 227 3926 282 3972; x_wconf 80' lang='lat'><strong>543.</strong></span> <span class='ocrx_word' id='word_1_334' title='bbox 293 3923 406 3987; x_wconf 71' lang='lat' dir='ltr'>Cethegi]</span> <span class='ocrx_word' id='word_1_335' title='bbox 424 3922 563 3969; x_wconf 81' lang='lat' dir='ltr'>Cutiliuuriae</span> <span class='ocrx_word' id='word_1_336' title='bbox 575 3923 679 3982; x_wconf 78' lang='lat' dir='ltr'>conjuro·</span> <span class='ocrx_word' id='word_1_337' title='bbox 704 3919 740 3967; x_wconf 87' lang='lat' dir='ltr'>nis</span> <span class='ocrx_word' id='word_1_338' title='bbox 751 3920 846 3967; x_wconf 71' lang='lat' dir='ltr'>Tartara</span> <span class='ocrx_word' id='word_1_339' title='bbox 859 3919 936 3980; x_wconf 76' lang='lat' dir='ltr'>parari</span> <span class='ocrx_word' id='word_1_340' title='bbox 953 3918 1067 3979; x_wconf 77' lang='lat' dir='ltr'>Pompeio</span> <span class='ocrx_word' id='word_1_341' title='bbox 1078 3916 1239 3980; x_wconf 72' lang='lat' dir='ltr'>Pompsinis·</span> 
     </span>
     <span class='ocr_line' id='line_1_41' title="bbox 144 3985 871 4047; baseline -0.008 -11"><span class='ocrx_word' id='word_1_342' title='bbox 144 3988 214 4036; x_wconf 83' lang='lat' dir='ltr'>tionis</span> <span class='ocrx_word' id='word_1_343' title='bbox 222 3988 285 4035; x_wconf 90' lang='lat' dir='ltr'>socii.</span> <span class='ocrx_word' id='word_1_344' title='bbox 704 4001 749 4047; x_wconf 88' lang='lat' dir='ltr'>que</span> <span class='ocrx_word' id='word_1_345' title='bbox 760 3985 871 4046; x_wconf 82' lang='lat' dir='ltr'>Elysium.</span> 
     </span>
    </p>

    <p class='ocr_par' dir='ltr' id='par_1_19' title="bbox 143 4042 1247 4443">
     <span class='ocr_line' id='line_1_42' title="bbox 176 4042 1238 4116; baseline -0.004 -17"><span class='ocrx_word' id='word_1_346' title='bbox 176 4056 233 4101; x_wconf 86' lang='lat'><strong>795.</strong></span> <span class='ocrx_word' id='word_1_347' title='bbox 251 4051 374 4112; x_wconf 69' lang='lat' dir='ltr'>Prpulario</span> <span class='ocrx_word' id='word_1_348' title='bbox 392 4053 481 4097; x_wconf 80' lang='lat' dir='ltr'>uomina</span> <span class='ocrx_word' id='word_1_349' title='bbox 499 4048 608 4116; x_wconf 77' lang='lat' dir='ltr'>Drusus]</span> <span class='ocrx_word' id='word_1_350' title='bbox 625 4050 677 4097; x_wconf 83' lang='lat' dir='ltr'>hir.</span> <span class='ocrx_word' id='word_1_351' title='bbox 737 4052 792 4097; x_wconf 81' lang='grc'><strong>804.</strong></span> <span class='ocrx_word' id='word_1_352' title='bbox 810 4042 1238 4112; x_wconf 67' lang='lat' dir='ltr'>Regniqusiupcrtsmssnu·</span> 
     </span>
     <span class='ocr_line' id='line_1_43' title="bbox 144 4114 835 4175; baseline -0.009 -10"><span class='ocrx_word' id='word_1_353' title='bbox 144 4120 236 4166; x_wconf 82' lang='lat' dir='ltr'>Drusus</span> <span class='ocrx_word' id='word_1_354' title='bbox 246 4116 300 4162; x_wconf 91' lang='lat' dir='ltr'>trib.</span> <span class='ocrx_word' id='word_1_355' title='bbox 312 4117 345 4175; x_wconf 93' lang='lat' dir='ltr'>pl.</span> <span class='ocrx_word' id='word_1_356' title='bbox 357 4116 438 4175; x_wconf 90' lang='lat' dir='ltr'>populi</span> <span class='ocrx_word' id='word_1_357' title='bbox 451 4122 475 4161; x_wconf 86' lang='lat' dir='ltr'>et</span> <span class='ocrx_word' id='word_1_358' title='bbox 486 4115 599 4161; x_wconf 89' lang='lat' dir='ltr'>sociorum</span> <span class='ocrx_word' id='word_1_359' title='bbox 615 4116 678 4161; x_wconf 80' lang='lat' dir='ltr'>laro-</span> <span class='ocrx_word' id='word_1_360' title='bbox 705 4131 736 4174; x_wconf 91' lang='lat' dir='ltr'>po</span> <span class='ocrx_word' id='word_1_361' title='bbox 747 4114 835 4174; x_wconf 83' lang='lat' dir='ltr'>Elysio.</span> 
     </span>
     <span class='ocr_line' id='line_1_44' title="bbox 144 4172 1238 4239; baseline -0.01 -8"><span class='ocrx_word' id='word_1_362' title='bbox 144 4199 193 4231; x_wconf 87' lang='lat' dir='ltr'>rem</span> <span class='ocrx_word' id='word_1_363' title='bbox 212 4182 348 4229; x_wconf 80' lang='lat' dir='ltr'>emoriturus</span> <span class='ocrx_word' id='word_1_364' title='bbox 363 4181 438 4239; x_wconf 83' lang='lat' dir='ltr'>legem</span> <span class='ocrx_word' id='word_1_365' title='bbox 453 4179 573 4238; x_wconf 61' lang='lat' dir='ltr'>Aprutium</span> <span class='ocrx_word' id='word_1_366' title='bbox 591 4187 615 4226; x_wconf 87' lang='lat' dir='ltr'>et</span> <span class='ocrx_word' id='word_1_367' title='bbox 631 4181 678 4226; x_wconf 88' lang='lat' dir='ltr'>lru·</span> <span class='ocrx_word' id='word_1_368' title='bbox 736 4182 792 4228; x_wconf 85' lang='grc'><strong>805.</strong></span> <span class='ocrx_word' id='word_1_369' title='bbox 810 4172 1095 4239; x_wconf 74' lang='lat' dir='ltr'>Nrcgloriapom,&amp;c.]</span> <span class='ocrx_word' id='word_1_370' title='bbox 1106 4174 1238 4239; x_wconf 68' lang='lat' dir='ltr'>usquur-</span> 
     </span>
     <span class='ocr_line' id='line_1_45' title="bbox 144 4236 1246 4305; baseline -0.004 -12"><span class='ocrx_word' id='word_1_371' title='bbox 144 4244 277 4295; x_wconf 72' lang='lat' dir='ltr'>mortarium</span> <span class='ocrx_word' id='word_1_372' title='bbox 287 4245 388 4305; x_wconf 81' lang='lat' dir='ltr'>perterre</span> <span class='ocrx_word' id='word_1_373' title='bbox 399 4250 494 4290; x_wconf 82' lang='lat' dir='ltr'>conotus</span> <span class='ocrx_word' id='word_1_374' title='bbox 505 4252 548 4298; x_wconf 87' lang='lat' dir='ltr'>est,</span> <span class='ocrx_word' id='word_1_375' title='bbox 561 4252 586 4290; x_wconf 86' lang='lat' dir='ltr'>et</span> <span class='ocrx_word' id='word_1_376' title='bbox 596 4245 678 4293; x_wconf 87' lang='lat' dir='ltr'>Socios</span> <span class='ocrx_word' id='word_1_377' title='bbox 703 4244 783 4290; x_wconf 89' lang='lat' dir='ltr'>licitus</span> <span class='ocrx_word' id='word_1_378' title='bbox 791 4242 896 4290; x_wconf 76' lang='lat' dir='ltr'>inrideas</span> <span class='ocrx_word' id='word_1_379' title='bbox 903 4240 990 4289; x_wconf 72' lang='lat' dir='ltr'>cerni</span> <span class='ocrx_word' id='word_1_380' title='bbox 997 4238 1084 4287; x_wconf 75' lang='lat' dir='ltr'>vicari</span> <span class='ocrx_word' id='word_1_381' title='bbox 1092 4236 1148 4285; x_wconf 74' lang='lat' dir='ltr'>vir-</span> <span class='ocrx_word' id='word_1_382' title='bbox 1155 4252 1246 4299; x_wconf 63' lang='lat' dir='ltr'>upon.</span> 
     </span>
     <span class='ocr_line' id='line_1_46' title="bbox 144 4302 1246 4373; baseline -0.007 -14"><span class='ocrx_word' id='word_1_383' title='bbox 144 4316 173 4361; x_wconf 79' lang='lat' dir='ltr'>ad</span> <span class='ocrx_word' id='word_1_384' title='bbox 184 4328 248 4373; x_wconf 86' lang='lat' dir='ltr'>spem</span> <span class='ocrx_word' id='word_1_385' title='bbox 260 4309 361 4359; x_wconf 76' lang='lat' dir='ltr'>civitatis</span> <span class='ocrx_word' id='word_1_386' title='bbox 372 4307 448 4356; x_wconf 83' lang='lat' dir='ltr'>erexit</span> <span class='ocrx_word' id='word_1_387' title='bbox 463 4308 525 4355; x_wconf 91' lang='lat' dir='ltr'>domi</span> <span class='ocrx_word' id='word_1_388' title='bbox 537 4325 584 4357; x_wconf 78' lang='lat' dir='ltr'>suu·</span> <span class='ocrx_word' id='word_1_389' title='bbox 599 4317 678 4369; x_wconf 80' lang='lat' dir='ltr'>postea</span> <span class='ocrx_word' id='word_1_390' title='bbox 703 4308 869 4363; x_wconf 71' lang='lat' dir='ltr'>ultimorum,</span> <span class='ocrx_word' id='word_1_391' title='bbox 886 4307 979 4352; x_wconf 82' lang='lat' dir='ltr'>brevem</span> <span class='ocrx_word' id='word_1_392' title='bbox 993 4302 1197 4369; x_wconf 66' lang='lat' dir='ltr'>utiquciutum</span> <span class='ocrx_word' id='word_1_393' title='bbox 1211 4308 1246 4351; x_wconf 74' lang='lat' dir='ltr'>lt·</span> 
     </span>
     <span class='ocr_line' id='line_1_47' title="bbox 143 4366 1247 4443; baseline -0.006 -20"><span class='ocrx_word' id='word_1_394' title='bbox 143 4379 241 4427; x_wconf 78' lang='lat' dir='ltr'>occisus.</span> <span class='ocrx_word' id='word_1_395' title='bbox 703 4373 743 4435; x_wconf 89' lang='lat' dir='ltr'>qni</span> <span class='ocrx_word' id='word_1_396' title='bbox 754 4373 813 4420; x_wconf 77' lang='lat' dir='ltr'>intra</span> <span class='ocrx_word' id='word_1_397' title='bbox 823 4369 998 4443; x_wconf 61' lang='lat' dir='ltr'>quadriennium</span> <span class='ocrx_word' id='word_1_398' title='bbox 1011 4368 1036 4417; x_wconf 76' lang='lat' dir='ltr'>in</span> <span class='ocrx_word' id='word_1_399' title='bbox 1054 4374 1158 4425; x_wconf 70' lang='lat' dir='ltr'>mim</span> <span class='ocrx_word' id='word_1_400' title='bbox 1172 4366 1247 4423; x_wconf 61' lang='lat' dir='ltr'>adh.</span> 
     </span>
    </p>
   </div>
   <div class='ocr_carea' id='block_1_5' title="bbox 0 0 1398 4860">
    <p class='ocr_par' dir='ltr' id='par_1_20' title="bbox 0 0 1398 4860">
     <span class='ocr_line' id='line_1_48' title="bbox 0 0 1398 4860; baseline 0 0"><span class='ocrx_word' id='word_1_401' title='bbox 0 0 1398 4860; x_wconf 95' lang='lat' dir='ltr'> </span> 
     </span>
    </p>
   </div>
  </div>
 </body>
</html>
