2784 4860
125 346 192 420 988
384 340 436 411 Μ.
479 332 691 412 ANNAEI
734 338 967 413 LUCANl

128 518 224 602 Quid
245 515 363 582 mundi
386 516 520 600 gladios
536 535 559 582 s
573 518 736 600 sanguine
753 517 903 584 Caesaris
917 518 1042 585 meast

126 610 274 697 Vibrant
288 629 358 694 tela
371 648 514 693 manus:
536 629 598 694 vix
613 630 712 712 signe
724 630 894 694 morantia
907 630 1094 714 qnisquam

128 734 320 827 Expectat:
343 758 501 824 propere,
517 760 560 805 ne
575 745 609 804 te
624 746 684 804 trra
698 741 847 806 classica
861 740 1030 825 linquant.

128 851 225 918 Scire
242 852 388 916 Senatus
407 855 496 925 avet,
512 849 611 914 miles
626 856 671 927 te,
688 849 827 933 Magne,
845 854 1020 933 sequatur,

128 963 186 1031 An
201 982 328 1028 comes.
375 960 543 1043 Ingemuit
554 959 694 1037 Rector,
711 962 884 1044 sensitque
899 958 1053 1025 Deorum
1197 959 1242 1027 86

130 1070 219 1140 Esse
234 1073 345 1148 doloS,
362 1077 396 1134 et
410 1071 483 1134 fata
498 1090 571 1134 suae
591 1071 761 1135 contraria
774 1071 890 1135 menti.

1 1207 27 1277 333
55 1214 75 1259 g
130 1180 169 1249 Si
184 1184 299 1267 placet
307 1181 386 1258 hoc,
402 1180 524 1264 inquit,
540 1180 685 1256 cunctis,
701 1181 733 1243 si
745 1181 851 1244 milite
868 1180 1010 1265 Magno,
1030 1226 1035 1243 .

129 1293 212 1362 Non
227 1293 314 1356 duce
329 1297 464 1374 tempus
479 1294 566 1373 eget,
578 1289 627 1353 nil
637 1290 726 1354 ultra
739 1289 812 1354 iata
825 1292 998 1356 morabor.

130 1404 290 1471 Involvat
304 1401 455 1486 populos
470 1419 539 1465 una
556 1399 707 1464 Fortuna
720 1401 830 1478 ruina,
1214 1474 1218 1481 ⁵

133 1516 252 1599 Sitque
267 1512 443 1577 hominum
457 1531 589 1595 magnes
604 1511 667 1576 lux
681 1511 749 1577 isto
762 1511 953 1577 novissima
965 1512 1066 1596 parti.
1199 1512 1244 1579 98

131 1625 255 1691 Testor
271 1623 386 1688 Roma
399 1627 514 1687 tamen
528 1621 705 1705 Magnum,
722 1642 791 1706 quo
808 1627 932 1688 cuncta
950 1623 1110 1706 perirent,

68 1730 72 1737 ’
133 1736 324 1820 Accepisse
340 1734 440 1798 diem.
465 1734 576 1818 potuit
590 1732 653 1797 tibi
667 1735 805 1799 vulnere
820 1735 916 1800 nullo

133 1847 230 1912 Stare
245 1847 343 1912 labor
356 1845 456 1911 belli:
479 1846 591 1929 potuit
602 1846 676 1909 sine
691 1846 787 1910 caede
799 1846 991 1922 subactum,

133 1957 384 2041 Captivumque
400 1956 522 2021 ducem
537 1956 675 2020 violatae
691 1955 823 2019 trudere
840 1954 940 2020 Paci.
1022 2010 1030 2023 .

135 2066 224 2146 Quis
238 2066 343 2143 furor,
360 2086 381 2129 ο
398 2067 496 2141 cccci,
513 2065 703 2129 scelerum?
725 2063 851 2129 Civilia
865 2065 959 2131 bello

136 2175 295 2255 Gesturi3
317 2181 480 2252 metuunt,
495 2195 538 2239 ne
553 2195 624 2239 non
634 2194 712 2239 cum
728 2176 891 2258 sanguine
906 2174 1059 2240 vincant.

138 2286 353 2352 Abstulimus
367 2289 486 2362 terras,
503 2285 712 2349 exclusimus
728 2305 865 2369 sequore
878 2291 964 2365 toto,

138 2395 196 2461 Ad
211 2401 435 2480 praematuras
447 2400 599 2477 segetum
606 2394 727 2480 jejuna
736 2396 875 2479 rapinas

137 2508 286 2592 Agmine
300 2507 539 2592 compulimus
551 2511 736 2590 votumque
752 2507 927 2576 effecimus
937 2509 1028 2575 hosti

166 2670 197 2718 82
214 2669 310 2731 quisque.
442 2670 474 2716 87
490 2667 585 2721 cunctis,
602 2668 683 2729 iuquit.
815 2671 847 2716 88
864 2670 953 2717 uonul.
1084 2671 1116 2717 91
1133 2656 1232 2733 guadeas.

430 2734 463 2780 93
478 2740 587 2781 coocmm.
756 2734 789 2781 94
805 2730 918 2780 Romans.

172 2874 212 2921 81.
230 2871 292 2926 Quid
311 2872 391 2918 muudi
406 2870 512 2935 gladios]
529 2872 597 2918 Mora
607 2870 676 2918 disli-
702 2871 784 2928 tuisse,
800 2889 847 2920 non
858 2865 1013 2937 approbasse3
1029 2874 1070 2921 sed
1081 2875 1111 2921 ab
1126 2873 1248 2923 sliisnili

140 2952 189 2984 uss.
206 2936 291 2983 Arcesi
307 2935 363 2997 δια]
380 2937 418 2983 Ne
431 2936 518 2982 milites
530 2951 574 2982 non
585 2936 678 2998 imperi·
704 2939 824 2984 obtrusum
835 2945 903 2998 atque
911 2939 1048 3001 imperatum
1057 2937 1149 2985 tulisse.

139 3015 180 3047 um
191 3005 256 3045 tunm
268 3001 359 3056 morati,
370 3016 443 3061 neque
461 3007 484 3047 te
495 3001 679 3048 cunctabundum
737 3005 776 3051 99.
795 3001 874 3048 Potuit
893 3003 934 3050 tibi
951 3004 1042 3051 culm
1063 3002 1148 3067 nullo]
1165 3001 1248 3053 Potui

141 3070 290 3124 expectantes
308 3063 407 3115 revulsis
422 3063 495 3125 signis
505 3064 612 3124 prelium
629 3066 679 3111 ine·
704 3065 754 3112 sine
766 3066 876 3127 sangnine
891 3069 969 3114 Caesar
978 3066 1098 3123 debellari,
1107 3074 1249 3127 temperent

141 3135 189 3178 snt.
198 3128 241 3185 oei,
248 3144 278 3176 ne
286 3135 309 3176 to
316 3130 432 3183 deserant,
440 3135 556 3189 atqneste
564 3129 678 3177 deficiant.
704 3145 781 3176 rerum
796 3131 876 3191 inopia
890 3132 920 3177 ad
928 3131 1071 3180 deditionem
1081 3137 1106 3179 et
1115 3130 1183 3193 prsis
1192 3146 1249 3181 oon·

176 3195 216 3241 84.
233 3192 295 3242 Sicre
306 3193 400 3241 Seremus
414 3194 484 3257 αισα]
506 3195 591 3241 Utrum
606 3195 680 3255 irnpe-
705 3193 807 3242 ditiones
818 3195 939 3255 impulsus.
1062 3214 1065 3219 ·

141 3257 256 3306 riumhoo
273 3274 288 3305 a
298 3258 385 3305 Senatu
398 3258 500 3306 dentum
514 3258 620 3305 absolute
637 3259 680 3305 tibi
739 3262 779 3306 94.
798 3259 956 3323 Captivumque
972 3259 1059 3318 tues,
1085 3256 1146 3324 dre]
1169 3260 1250 3309 Cas·

142 3337 245 3384 mogus,
256 3330 362 3384 tanquam
373 3324 417 3369 suh
428 3327 452 3368 te
466 3322 563 3370 Senatus
580 3323 680 3370 militet:
705 3339 755 3370 rem
767 3331 859 3385 captum
874 3325 898 3371 in
914 3332 1018 3372 nostrum
1029 3329 1171 3387 potestatem
1185 3324 1248 3375 redi-

144 3402 176 3434 sn
186 3403 276 3450 requam
286 3394 426 3450 potestatem
435 3387 529 3435 Senatui
538 3388 664 3448 impertias.
707 3404 769 3448 gere,
776 3404 803 3435 sc
812 3390 903 3437 tradere
911 3389 938 3449 in
946 3389 1066 3450 pristinam
1075 3403 1167 3451 pacem,
1178 3404 1249 3451 qun

176 3454 217 3502 85.
238 3451 336 3514 Rostra]
358 3452 493 3513 Pompeius.
519 3451 618 3499 Deorum
640 3467 683 3499 essa
706 3453 942 3514 ipsepriorviolavit.
960 3453 1067 3501 Hortaris.

144 3515 212 3573 dolos,
229 3516 285 3582 δια]
304 3518 336 3564 Et
352 3515 428 3563 animo
448 3515 514 3578 quasi
530 3517 683 3564 calamitatem
740 3521 779 3567 95.
799 3517 882 3564 civilia
897 3518 973 3582 ectu]
991 3518 1061 3579 Quod
1072 3522 1153 3565 eonas
1162 3517 1250 3567 ῐιοιιιαι

143 3581 296 3643 praesagieme
306 3581 391 3635 timuit,
408 3597 437 3628 no
447 3581 523 3629 furore
537 3589 561 3628 et
574 3581 630 3629 belli
647 3597 683 3628 ar-
708 3583 821 3643 oporlnit,
833 3583 933 3631 utcivili
942 3582 1217 3644 sangninipurcsremus.
1245 3584 1250 3591 '

144 3644 202 3691 doro
219 3645 331 3692 divinitus
341 3646 436 3692 incitata
452 3646 583 3702 multitudo,
605 3645 683 3707 ipsum
742 3648 781 3694 97.
799 3647 936 3694 Abstulimus
942 3647 1034 3711 terroe]
1051 3647 1250 3697 Hostsmriotn

146 3708 259 3759 adversus
269 3710 410 3767 institutum,
426 3709 536 3768 rationes,
552 3717 577 3759 ot
587 3709 684 3758 consilia
706 3709 845 3772 fugavimus.
856 3708 1084 3775 Exclusimusaequors
1091 3710 1157 3775 toto]
1173 3710 1251 3761 Mein

145 3773 176 3820 ad
185 3773 272 3820 bellurn
282 3774 391 3821 traheret.
707 3774 754 3822 late
764 3783 844 3823 tenent
856 3783 940 3823 nostrae
953 3776 1048 3834 classes,
1064 3776 1132 3825 hoste
1148 3776 1250 3825 navibus

179 3839 218 3888 8⁷.
236 3837 261 3885 Si
275 3839 348 3898 placet
364 3838 412 3894 hoc,
429 3840 512 3901 iuquit,
527 3837 584 3902 &c.]
610 3838 636 3886 si
656 3853 683 3885 eo
708 3840 828 3887 destituto.

145 3909 241 3951 ventum
251 3903 283 3950 sit
301 3903 460 3964 imprudentius
478 3911 503 3951 et
518 3903 641 3962 vecordiae,
658 3910 685 3950 ut
741 3907 781 3954 98.
798 3905 997 3966 Adproematures,
1013 3900 1071 3969 dtu]
1088 3904 1136 3953 Rei
1149 3904 1250 3955 frm-

145 3966 260 4029 obsequio
271 3983 323 4015 meo
332 3983 401 4028 quam
415 3967 513 4028 imperio
528 3975 552 4016 et
560 3970 632 4016 ductu
643 3968 684 4014 Se·
708 3969 772 4016 tariae
781 3969 849 4031 inops
859 3970 943 4026 hostis,
953 3976 1045 4031 segetes
1057 3969 1098 4017 vix
1108 3970 1165 4019 dun
1174 3976 1250 4027 mtu-

144 4039 213 4079 natus
231 4031 267 4079 uli
282 4031 363 4078 malit:
379 4047 422 4094 per
439 4046 476 4080 me
486 4049 533 4079 non
543 4033 622 4091 stabit,
638 4048 685 4095 quo
708 4049 746 4081 ras
756 4034 825 4096 rapit.
1241 4038 1245 4045 “

144 4095 223 4144 minus
232 4096 280 4142 sibi
289 4096 337 4143 fata
347 4112 389 4143 sus
397 4104 521 4144 accersant.
741 4101 781 4148 99.
801 4097 921 4159 Verumque
942 4095 1052 4162 effeumus
1068 4095 1146 4161 ἧσαι’.]
1163 4098 1194 4147 In
1206 4112 1250 4147 ιι·

179 4163 221 4212 89.
238 4159 340 4209 Iuvdout
406 4160 457 4224 ios]
474 4160 587 4222 Epitrope.
708 4163 841 4211 cessitatem
851 4177 937 4224 pugnas
948 4170 972 4209 et
988 4162 1053 4210 illam
1063 4162 1250 4225 desperationem

178 4229 218 4275 91.
238 4223 311 4273 Testor
331 4176 424 4289 ffi]
450 4224 590 4287 Apostrophe.
616 4223 685 4288 Mag·
708 4228 849 4290 redegimus,
877 4233 904 4275 nt
923 4228 985 4276 terro
1007 4242 1076 4290 quam
1097 4228 1159 4277 on·
1175 4228 1251 4301 sopori

145 4305 268 4352 sum,q1w
285 4297 366 4339 cursu
384 4289 505 4353 perirent]
532 4291 573 4337 Me
592 4288 685 4337 saulem
708 4290 1066 4352 meliotmodonoamorianmr
1074 4292 1150 4343 inulti.
1212 4298 1217 4305 '

146 4354 208 4403 luno
215 4354 291 4418 praelii
304 4354 368 4405 diam
377 4371 424 4406 non
440 4371 454 4404 s
469 4361 546 4405 ments
556 4367 607 4404 mea
616 4352 684 4405 uru-
