2784 4860
321 359 542 428 crvrms
586 362 764 432 1³an
807 351 1026 434 Lrn.111.
1165 367 1231 436 141

137 535 228 599 Belli
243 554 346 600 casus
361 537 454 602 eret:
478 537 593 602 Graiae
615 557 696 622 pars
714 540 867 604 maxima
882 540 1006 606 classis

138 645 325 729 Mergitur:
349 653 403 712 ast
414 648 492 713 aliae
507 655 637 714 mutato
651 651 776 732 remige
798 671 933 734 puppes
1270 736 1274 740 ι

136 755 300 835 Victores
313 779 437 824 vexere
453 780 553 826 suos:
575 761 714 826 navalia
728 780 850 843 paucae
1170 753 1237 828 755

138 864 318 950 Praecipiti
332 875 469 935 tenuere
483 870 575 953 suga.
616 854 709 948 ¹Quis
725 871 760 933 in
774 871 856 934 urbe
871 875 1049 954 parentum
1087 856 1090 865 ’

138 973 259 1040 Fletus
274 980 364 1042 erat!
388 985 533 1062 quantus
553 985 697 1044 matrum
711 1001 773 1071 per
786 981 888 1044 litora
906 980 1084 1063 planctus!

139 1083 279 1172 conjux
294 1109 388 1172 saepe
405 1091 469 1167 sui,
486 1090 638 1154 confusis
657 1091 807 1155 vultibus
822 1089 925 1166 unda,

138 1193 295 1262 Credidit
309 1218 369 1263 ora
382 1200 457 1275 uiri,
474 1199 668 1265 Romanum
688 1201 850 1284 amplexa
869 1199 1035 1264 cadaver:

138 1305 377 1390 Accensisque
391 1308 483 1390 rogis
504 1310 618 1373 miseri
634 1311 676 1374 de
692 1329 834 1393 corpore
849 1315 969 1374 trunco
1070 1341 1073 1346 ·
1172 1307 1240 1372 760
1317 1296 1318 1300 ¹

139 1405 324 1482 Certavere
335 1423 461 1501 patres.
478 1423 513 1482 at
533 1420 659 1484 Brutus
672 1421 709 1483 in
724 1435 864 1502 aequoro
882 1419 1001 1496 victor,

140 1524 279 1592 Primus
295 1526 463 1594 Caesareis
478 1529 592 1613 pelagi
607 1529 712 1594 decus
729 1529 860 1593 addidit
880 1527 993 1592 armis.

617 1689 666 1736 ⁷5⁷
677 1689 763 1750 quanti.

139 1799 311 1871 meditabuntur
320 1825 404 1887 iugum.
422 1825 519 1874 Constat
528 1825 633 1887 epilogus
642 1827 674 1872 ai-
732 1827 788 1874 754.
806 1824 862 1871 Alte
873 1822 977 1885 mutato]
994 1822 1082 1884 Captae.

141 1887 243 1934 lectibus
257 1889 336 1945 variis,
356 1906 370 1936 s
390 1888 516 1937 miserabili
533 1891 592 1937 fucis
610 1891 675 1940 urbis
732 1891 789 1938 755.
809 1887 926 1950 Victores]
944 1889 1068 1934 Romanos.

141 1951 264 2007 Massiliae,
274 1953 353 2014 inquo
361 1954 443 2015 ingens
450 1955 527 2002 luctus
538 1955 639 2004 virorum
648 1971 677 2003 ao
732 1956 789 2003 758.
808 1952 893 2015 Corpus
909 1967 964 2012 seps
972 1952 1016 2009 sui,
1033 1948 1090 2012 δια]
1106 1947 1181 1999 litori
1194 1967 1234 2014 sp-
1259 1956 1262 1961 ’

141 2016 265 2063 mulierum
282 2025 355 2073 ortus,
375 2019 451 2066 omnia
466 2019 585 2066 miscebat.
608 2018 675 2066 Hert.
700 2017 1232 2080 pulsaosdavarslacersjsmatqueexesanou
1327 2073 1332 2081 ‚

141 2077 256 2142 Ducum]
265 2082 454 2138 Massiliensium,
466 2084 492 2131 ir.
505 2083 603 2132 Domitii
615 2091 639 2130 et
648 2084 675 2130 n.
701 2085 890 2143 agnoscebantur.
912 2097 998 2129 uxores
1017 2080 1096 2142 itaque
1112 2081 1235 2130 'cadavers

142 2144 275 2192 Nasidieni.
287 2147 341 2192 ride
349 2148 456 2194 adnotata
465 2149 495 2194 sd
504 2163 539 2194 vs.
548 2151 579 2198 29
588 2154 611 2195 et
620 2151 675 2198 916.
702 2148 857 2194 Romanorum
872 2162 914 2207 pro
928 2146 975 2192 suis
987 2145 1099 2205 amplexus
1110 2151 1171 2192 sunt.
1188 2147 1234 2193 Pu·

142 2223 220 2268 suprs.
229 2211 271 2256 sed
280 2209 371 2258 videon
382 2211 451 2267 dicat,
461 2212 571 2258 inclinare
580 2214 627 2260 sata
635 2213 677 2259 du·
701 2217 748 2260 tres
758 2211 925 2259 contendebant
931 2212 961 2257 de
969 2209 1128 2266 cadaveribus,
1135 2225 1187 2272 quas
1196 2225 1235 2257 sn-

143 2287 197 2318 cum
209 2273 278 2321 Rom.
296 2282 320 2322 et
331 2275 419 2322 Massil.
432 2276 501 2323 Bruti
508 2277 557 2336 jam
572 2277 676 2333 victoris,
702 2292 767 2324 orum
776 2276 873 2323 liliorum
884 2291 936 2324 esse
945 2274 1062 2330 volebant,
1074 2279 1101 2321 ut
1110 2289 1138 2321 ea
1148 2289 1235 2323 cremu-

143 2335 245 2384 Domitii
257 2339 322 2387 vieti.
701 2349 759 2389 rent.

176 2402 234 2450 753.
252 2401 329 2450 Graiu
343 2403 415 2465 pure]
433 2404 594 2452 Massiliensis.
609 2419 678 2466 supra
734 2407 791 2456 762.
809 2401 1037 2465 mimitemelae]
1054 2401 1145 2450 Primus
1159 2403 1234 2450 ecm-

144 2480 180 2513 vs.
193 2468 250 2514 340.
267 2467 306 2514 Ex
323 2469 504 2516 Massiliensium
522 2469 595 2518 classe
613 2469 678 2532 quin·
703 2470 799 2518 surianis
814 2468 913 2516 ducibus
930 2468 1018 2517 navalis
1035 2482 1119 2528 pugnae
1138 2467 1234 2528 glorium

144 2533 390 2644 ‘illffltssd‘ffoemv
407 2541 505 2597 quatuor
518 2541 600 2597 capte.
618 2550 677 2586 com.
703 2535 768 2585 addit
777 2533 925 2586 terrentibus
935 2532 1034 2583 Gusaris
1047 2531 1161 2581 victoriis.

142 2609 206 2644 0171.
266 2628 273 2645 .
302 2631 308 2646 ,
