<?xml version="1.0" encoding="UTF-8"?>
<!DOCTYPE html PUBLIC "-//W3C//DTD XHTML 1.0 Transitional//EN"
    "http://www.w3.org/TR/xhtml1/DTD/xhtml1-transitional.dtd">
<html xmlns="http://www.w3.org/1999/xhtml" xml:lang="en" lang="en">
 <head>
  <title>
</title>
<meta http-equiv="Content-Type" content="text/html;charset=utf-8" />
  <meta name='ocr-system' content='tesseract 3.04.00' />
  <meta name='ocr-capabilities' content='ocr_page ocr_carea ocr_par ocr_line ocrx_word'/>
</head>
<body>
  <div class='ocr_page' id='page_1' title='image "./mannaeuslucanus00grotgoog/mannaeuslucanus00grotgoog_0138.png"; bbox 0 0 2784 4860; ppageno 0'>
   <div class='ocr_carea' id='block_1_1' title="bbox 345 343 1250 448">
    <p class='ocr_par' dir='ltr' id='par_1_1' title="bbox 345 343 1250 448">
     <span class='ocr_line' id='line_1_1' title="bbox 345 343 1250 448; baseline 0.009 -34"><span class='ocrx_word' id='word_1_1' title='bbox 345 346 568 448; x_wconf 67' lang='lat' dir='ltr'>CIYlLlS</span> <span class='ocrx_word' id='word_1_2' title='bbox 613 349 791 417; x_wconf 83' lang='lat' dir='ltr'>BELLI</span> <span class='ocrx_word' id='word_1_3' title='bbox 837 351 948 419; x_wconf 87' lang='lat' dir='ltr'><strong>LIB.</strong></span> <span class='ocrx_word' id='word_1_4' title='bbox 983 352 1053 420; x_wconf 88' lang='lat' dir='ltr'><strong>III.</strong></span> <span class='ocrx_word' id='word_1_5' title='bbox 1184 343 1250 422; x_wconf 80' lang='lat'>11&#39;7</span> 
     </span>
    </p>
   </div>
   <div class='ocr_carea' id='block_1_2' title="bbox 142 499 1280 2127">
    <p class='ocr_par' dir='ltr' id='par_1_2' title="bbox 142 499 1280 1136">
     <span class='ocr_line' id='line_1_2' title="bbox 143 499 1029 586; baseline 0.006 -22"><span class='ocrx_word' id='word_1_6' title='bbox 143 499 321 583; x_wconf 82' lang='lat' dir='ltr'>Exequias</span> <span class='ocrx_word' id='word_1_7' title='bbox 338 501 489 566; x_wconf 83' lang='lat' dir='ltr'>Fortuna</span> <span class='ocrx_word' id='word_1_8' title='bbox 504 502 607 571; x_wconf 87' lang='lat' dir='ltr'><strong>dedit.</strong></span> <span class='ocrx_word' id='word_1_9' title='bbox 628 523 698 567; x_wconf 89' lang='lat' dir='ltr'>non</span> <span class='ocrx_word' id='word_1_10' title='bbox 713 504 866 586; x_wconf 85' lang='lat' dir='ltr'><strong>corniger</strong></span> <span class='ocrx_word' id='word_1_11' title='bbox 882 503 1029 570; x_wconf 86' lang='lat' dir='ltr'><strong>Ammon</strong></span> 
     </span>
     <span class='ocr_line' id='line_1_3' title="bbox 144 605 1041 680; baseline 0.007 -6"><span class='ocrx_word' id='word_1_12' title='bbox 144 605 283 675; x_wconf 82' lang='lat' dir='ltr'><strong>Mittere</strong></span> <span class='ocrx_word' id='word_1_13' title='bbox 299 610 523 676; x_wconf 84' lang='lat' dir='ltr'><strong>Marmaricas</strong></span> <span class='ocrx_word' id='word_1_14' title='bbox 540 613 690 678; x_wconf 88' lang='lat' dir='ltr'>cessavit</span> <span class='ocrx_word' id='word_1_15' title='bbox 706 613 742 676; x_wconf 91' lang='lat' dir='ltr'>in</span> <span class='ocrx_word' id='word_1_16' title='bbox 757 634 852 677; x_wconf 89' lang='lat' dir='ltr'>arma</span> <span class='ocrx_word' id='word_1_17' title='bbox 867 620 1041 680; x_wconf 88' lang='lat' dir='ltr'>catervas:</span> 
     </span>
     <span class='ocr_line' id='line_1_4' title="bbox 144 717 1058 805; baseline 0.009 -23"><span class='ocrx_word' id='word_1_18' title='bbox 144 717 322 803; x_wconf 87' lang='lat' dir='ltr'>Quicquid</span> <span class='ocrx_word' id='word_1_19' title='bbox 337 719 381 784; x_wconf 88' lang='lat' dir='ltr'>&#39;ab</span> <span class='ocrx_word' id='word_1_20' title='bbox 397 721 553 786; x_wconf 88' lang='lat' dir='ltr'>occiduis</span> <span class='ocrx_word' id='word_1_21' title='bbox 568 721 677 804; x_wconf 88' lang='lat' dir='ltr'>Libye</span> <span class='ocrx_word' id='word_1_22' title='bbox 693 727 789 805; x_wconf 88' lang='lat' dir='ltr'>patet</span> <span class='ocrx_word' id='word_1_23' title='bbox 804 725 900 788; x_wconf 87' lang='lat' dir='ltr'>arida</span> <span class='ocrx_word' id='word_1_24' title='bbox 915 723 1058 804; x_wconf 67' lang='lat' dir='ltr'>Mauris</span> 
     </span>
     <span class='ocr_line' id='line_1_5' title="bbox 143 827 1280 917; baseline 0.008 -24"><span class='ocrx_word' id='word_1_25' title='bbox 143 827 264 913; x_wconf 81' lang='lat' dir='ltr'>Usque</span> <span class='ocrx_word' id='word_1_26' title='bbox 280 830 493 917; x_wconf 83' lang='lat' dir='ltr'>Paraetonias</span> <span class='ocrx_word' id='word_1_27' title='bbox 508 831 583 895; x_wconf 89' lang='lat' dir='ltr'><strong>an</strong></span> <span class='ocrx_word' id='word_1_28' title='bbox 598 832 642 896; x_wconf 90' lang='lat' dir='ltr'>ad</span> <span class='ocrx_word' id='word_1_29' title='bbox 657 827 772 896; x_wconf 86' lang='lat' dir='ltr'>littora</span> <span class='ocrx_word' id='word_1_30' title='bbox 786 831 914 914; x_wconf 88' lang='lat' dir='ltr'>Syrtes.</span> <span class='ocrx_word' id='word_1_31' title='bbox 945 829 948 833; x_wconf 69' lang='grc'>’</span> <span class='ocrx_word' id='word_1_32' title='bbox 1181 837 1248 902; x_wconf 77' lang='grc'>205</span> <span class='ocrx_word' id='word_1_33' title='bbox 1277 840 1280 843; x_wconf 81' lang='grc'><strong>’</strong></span> 
     </span>
     <span class='ocr_line' id='line_1_6' title="bbox 143 937 963 1023; baseline 0.006 -20"><span class='ocrx_word' id='word_1_34' title='bbox 143 937 330 1023; x_wconf 76' lang='lat' dir='ltr'>Acciperet</span> <span class='ocrx_word' id='word_1_35' title='bbox 343 941 427 1006; x_wconf 85' lang='lat' dir='ltr'>felix</span> <span class='ocrx_word' id='word_1_36' title='bbox 442 961 485 1004; x_wconf 90' lang='lat' dir='ltr'>ne</span> <span class='ocrx_word' id='word_1_37' title='bbox 500 937 569 1005; x_wconf 85' lang='lat' dir='ltr'>nori</span> <span class='ocrx_word' id='word_1_38' title='bbox 583 941 689 1006; x_wconf 90' lang='lat' dir='ltr'>semel</span> <span class='ocrx_word' id='word_1_39' title='bbox 705 942 820 1006; x_wconf 91' lang='lat' dir='ltr'>omnia</span> <span class='ocrx_word' id='word_1_40' title='bbox 834 940 963 1020; x_wconf 83' lang='lat' dir='ltr'>Caesar,</span> 
     </span>
     <span class='ocr_line' id='line_1_7' title="bbox 142 1047 1005 1136; baseline 0.006 -24"><span class='ocrx_word' id='word_1_41' title='bbox 142 1047 358 1115; x_wconf 86' lang='lat' dir='ltr'>Vincendum</span> <span class='ocrx_word' id='word_1_42' title='bbox 372 1053 498 1136; x_wconf 89' lang='lat' dir='ltr'>pariter</span> <span class='ocrx_word' id='word_1_43' title='bbox 513 1051 694 1117; x_wconf 86' lang='lat' dir='ltr'><strong>Pharsalia</strong></span> <span class='ocrx_word' id='word_1_44' title='bbox 707 1053 866 1136; x_wconf 89' lang='lat' dir='ltr'>praestitit</span> <span class='ocrx_word' id='word_1_45' title='bbox 880 1055 1005 1118; x_wconf 90' lang='lat' dir='ltr'>orbem.</span> 
     </span>
    </p>

    <p class='ocr_par' dir='ltr' id='par_1_3' title="bbox 142 1159 1245 2127">
     <span class='ocr_line' id='line_1_8' title="bbox 184 1159 996 1247; baseline 0.006 -24"><span class='ocrx_word' id='word_1_46' title='bbox 184 1159 249 1224; x_wconf 93' lang='lat' dir='ltr'>Ille</span> <span class='ocrx_word' id='word_1_47' title='bbox 264 1162 325 1224; x_wconf 93' lang='lat' dir='ltr'>ubi</span> <span class='ocrx_word' id='word_1_48' title='bbox 340 1159 488 1227; x_wconf 88' lang='lat' dir='ltr'>deseruit</span> <span class='ocrx_word' id='word_1_49' title='bbox 502 1163 703 1247; x_wconf 90' lang='lat' dir='ltr'>trepidantis</span> <span class='ocrx_word' id='word_1_50' title='bbox 718 1163 846 1228; x_wconf 91' lang='lat' dir='ltr'>moenia</span> <span class='ocrx_word' id='word_1_51' title='bbox 861 1162 996 1242; x_wconf 86' lang='lat' dir='ltr'>Romae,</span> 
     </span>
     <span class='ocr_line' id='line_1_9' title="bbox 142 1268 1007 1359; baseline 0.007 -27"><span class='ocrx_word' id='word_1_52' title='bbox 142 1268 288 1351; x_wconf 82' lang='lat' dir='ltr'>Agmine</span> <span class='ocrx_word' id='word_1_53' title='bbox 312 1273 501 1337; x_wconf 89' lang='lat' dir='ltr'>nubiferam</span> <span class='ocrx_word' id='word_1_54' title='bbox 515 1278 614 1356; x_wconf 91' lang='lat' dir='ltr'>rapto</span> <span class='ocrx_word' id='word_1_55' title='bbox 631 1274 849 1357; x_wconf 86' lang='lat' dir='ltr'>superevolat</span> <span class='ocrx_word' id='word_1_56' title='bbox 862 1273 1007 1359; x_wconf 89' lang='lat' dir='ltr'>Alpem:</span> 
     </span>
     <span class='ocr_line' id='line_1_10' title="bbox 142 1378 1245 1468; baseline 0.007 -26"><span class='ocrx_word' id='word_1_57' title='bbox 142 1378 296 1464; x_wconf 83' lang='lat' dir='ltr'>Cmnque</span> <span class='ocrx_word' id='word_1_58' title='bbox 312 1383 371 1447; x_wconf 88' lang='lat' dir='ltr'>alii</span> <span class='ocrx_word' id='word_1_59' title='bbox 386 1383 487 1448; x_wconf 84' lang='lat' dir='ltr'>famae</span> <span class='ocrx_word' id='word_1_60' title='bbox 502 1385 623 1468; x_wconf 92' lang='lat' dir='ltr'>populi</span> <span class='ocrx_word' id='word_1_61' title='bbox 638 1389 762 1448; x_wconf 91' lang='lat' dir='ltr'>terrore</span> <span class='ocrx_word' id='word_1_62' title='bbox 777 1388 951 1468; x_wconf 88' lang='lat' dir='ltr'>paverent,</span> <span class='ocrx_word' id='word_1_63' title='bbox 1098 1454 1100 1460; x_wconf 10' lang='grc' dir='ltr'><strong>λ</strong></span> <span class='ocrx_word' id='word_1_64' title='bbox 1146 1419 1150 1434; x_wconf 53' lang='grc' dir='ltr'>ι</span> <span class='ocrx_word' id='word_1_65' title='bbox 1179 1387 1245 1450; x_wconf 84' lang='grc'>300</span> 
     </span>
     <span class='ocr_line' id='line_1_11' title="bbox 142 1488 963 1578; baseline 0.002 -20"><span class='ocrx_word' id='word_1_66' title='bbox 142 1488 293 1558; x_wconf 89' lang='lat' dir='ltr'>Phocais</span> <span class='ocrx_word' id='word_1_67' title='bbox 309 1494 344 1556; x_wconf 94' lang='lat' dir='ltr'>in</span> <span class='ocrx_word' id='word_1_68' title='bbox 359 1493 472 1558; x_wconf 91' lang='lat' dir='ltr'>dubiis</span> <span class='ocrx_word' id='word_1_69' title='bbox 488 1515 574 1559; x_wconf 91' lang='lat' dir='ltr'>ausa</span> <span class='ocrx_word' id='word_1_70' title='bbox 588 1499 641 1558; x_wconf 92' lang='lat' dir='ltr'>est</span> <span class='ocrx_word' id='word_1_71' title='bbox 655 1514 790 1560; x_wconf 87' lang='lat' dir='ltr'>servare</span> <span class='ocrx_word' id='word_1_72' title='bbox 800 1495 963 1578; x_wconf 88' lang='lat' dir='ltr'>juventus</span> 
     </span>
     <span class='ocr_line' id='line_1_12' title="bbox 144 1599 954 1688; baseline 0.006 -25"><span class='ocrx_word' id='word_1_73' title='bbox 144 1599 226 1664; x_wconf 92' lang='lat' dir='ltr'>Non</span> <span class='ocrx_word' id='word_1_74' title='bbox 241 1601 349 1666; x_wconf 89' lang='lat' dir='ltr'>Graia</span> <span class='ocrx_word' id='word_1_75' title='bbox 364 1603 501 1668; x_wconf 84' lang='lat' dir='ltr'>levitate</span> <span class='ocrx_word' id='word_1_76' title='bbox 523 1604 635 1680; x_wconf 88' lang='lat' dir='ltr'>fidem,</span> <span class='ocrx_word' id='word_1_77' title='bbox 652 1605 852 1686; x_wconf 86' lang='lat' dir='ltr'>signataque</span> <span class='ocrx_word' id='word_1_78' title='bbox 864 1604 954 1688; x_wconf 89' lang='lat' dir='ltr'>jura,</span> 
     </span>
     <span class='ocr_line' id='line_1_13' title="bbox 142 1708 1028 1796; baseline 0.007 -24"><span class='ocrx_word' id='word_1_79' title='bbox 142 1708 185 1773; x_wconf 88' lang='lat' dir='ltr'>Et</span> <span class='ocrx_word' id='word_1_80' title='bbox 200 1731 337 1789; x_wconf 84' lang='lat' dir='ltr'>causas,</span> <span class='ocrx_word' id='word_1_81' title='bbox 352 1731 422 1775; x_wconf 92' lang='lat' dir='ltr'>non</span> <span class='ocrx_word' id='word_1_82' title='bbox 436 1712 518 1789; x_wconf 84' lang='lat' dir='ltr'>fata,</span> <span class='ocrx_word' id='word_1_83' title='bbox 536 1713 644 1796; x_wconf 90' lang='lat' dir='ltr'>sequi.</span> <span class='ocrx_word' id='word_1_84' title='bbox 660 1717 774 1776; x_wconf 88' lang='lat' dir='ltr'>tamen</span> <span class='ocrx_word' id='word_1_85' title='bbox 789 1719 867 1776; x_wconf 87' lang='lat' dir='ltr'>ante</span> <span class='ocrx_word' id='word_1_86' title='bbox 881 1714 1028 1778; x_wconf 84' lang='lat' dir='ltr'>furorem</span> 
     </span>
     <span class='ocr_line' id='line_1_14' title="bbox 142 1818 1005 1904; baseline 0.006 -22"><span class='ocrx_word' id='word_1_87' title='bbox 142 1818 360 1898; x_wconf 89' lang='lat' dir='ltr'>Indomitum,</span> <span class='ocrx_word' id='word_1_88' title='bbox 378 1823 563 1904; x_wconf 91' lang='lat' dir='ltr'>duramque</span> <span class='ocrx_word' id='word_1_89' title='bbox 578 1822 642 1886; x_wconf 83' lang='lat' dir='ltr'>viri</span> <span class='ocrx_word' id='word_1_90' title='bbox 657 1821 836 1886; x_wconf 88' lang='lat' dir='ltr'>deflectere</span> <span class='ocrx_word' id='word_1_91' title='bbox 859 1828 1005 1887; x_wconf 89' lang='lat' dir='ltr'>mentem</span> 
     </span>
     <span class='ocr_line' id='line_1_15' title="bbox 142 1928 1242 2016; baseline 0.008 -24"><span class='ocrx_word' id='word_1_92' title='bbox 142 1928 296 1995; x_wconf 89' lang='lat' dir='ltr'>Pacifico</span> <span class='ocrx_word' id='word_1_93' title='bbox 318 1952 471 1996; x_wconf 89' lang='lat' dir='ltr'>sermone</span> <span class='ocrx_word' id='word_1_94' title='bbox 486 1936 619 2016; x_wconf 90' lang='lat' dir='ltr'>parant,</span> <span class='ocrx_word' id='word_1_95' title='bbox 635 1931 836 2016; x_wconf 87' lang='lat' dir='ltr'>hostemque</span> <span class='ocrx_word' id='word_1_96' title='bbox 847 1931 1076 2016; x_wconf 91' lang='lat' dir='ltr'>propinquum</span> <span class='ocrx_word' id='word_1_97' title='bbox 1175 1936 1242 2001; x_wconf 79' lang='grc'>306</span> 
     </span>
     <span class='ocr_line' id='line_1_16' title="bbox 143 2038 928 2127; baseline 0.003 -25"><span class='ocrx_word' id='word_1_98' title='bbox 143 2038 250 2104; x_wconf 86' lang='lat' dir='ltr'>Orant</span> <span class='ocrx_word' id='word_1_99' title='bbox 266 2040 444 2127; x_wconf 85' lang='lat' dir='ltr'>Cecropiae</span> <span class='ocrx_word' id='word_1_100' title='bbox 459 2043 602 2127; x_wconf 86' lang='lat' dir='ltr'>praelata</span> <span class='ocrx_word' id='word_1_101' title='bbox 616 2041 735 2105; x_wconf 85' lang='lat' dir='ltr'>fronde</span> <span class='ocrx_word' id='word_1_102' title='bbox 751 2039 928 2106; x_wconf 87' lang='lat' dir='ltr'>Minervae.</span> 
     </span>
    </p>
   </div>
   <div class='ocr_carea' id='block_1_3' title="bbox 171 2250 1206 2381">
    <p class='ocr_par' dir='ltr' id='par_1_4' title="bbox 171 2250 1206 2381">
     <span class='ocr_line' id='line_1_17' title="bbox 171 2250 1206 2316; baseline 0.004 -18"><span class='ocrx_word' id='word_1_103' title='bbox 171 2255 221 2303; x_wconf 69' lang='lat'>293</span> <span class='ocrx_word' id='word_1_104' title='bbox 233 2250 389 2299; x_wconf 72' lang='lat' dir='ltr'>Marmaridas.</span> <span class='ocrx_word' id='word_1_105' title='bbox 527 2257 575 2304; x_wconf 77' lang='grc'>094</span> <span class='ocrx_word' id='word_1_106' title='bbox 586 2255 657 2301; x_wconf 77' lang='lat' dir='ltr'>dedit.</span> <span class='ocrx_word' id='word_1_107' title='bbox 791 2255 838 2300; x_wconf 73' lang='lat'>296</span> <span class='ocrx_word' id='word_1_108' title='bbox 849 2253 923 2299; x_wconf 68' lang='lat' dir='ltr'>mmai.</span> <span class='ocrx_word' id='word_1_109' title='bbox 1063 2255 1110 2303; x_wconf 78' lang='lat'>299</span> <span class='ocrx_word' id='word_1_110' title='bbox 1120 2255 1206 2316; x_wconf 84' lang='lat' dir='ltr'>rapido.</span> 
     </span>
     <span class='ocr_line' id='line_1_18' title="bbox 270 2315 1108 2381; baseline 0.002 -17"><span class='ocrx_word' id='word_1_111' title='bbox 270 2320 318 2364; x_wconf 73' lang='grc'>300</span> <span class='ocrx_word' id='word_1_112' title='bbox 325 2326 456 2379; x_wconf 84' lang='lat' dir='ltr'>sacrataque</span> <span class='ocrx_word' id='word_1_113' title='bbox 466 2317 532 2366; x_wconf 85' lang='lat' dir='ltr'>Mod.</span> <span class='ocrx_word' id='word_1_114' title='bbox 639 2316 687 2365; x_wconf 88' lang='grc'>305</span> <span class='ocrx_word' id='word_1_115' title='bbox 698 2315 810 2381; x_wconf 66' lang='lat' dir='ltr'>Pacifero.</span> <span class='ocrx_word' id='word_1_116' title='bbox 917 2319 965 2364; x_wconf 88' lang='grc'>306</span> <span class='ocrx_word' id='word_1_117' title='bbox 976 2315 1108 2378; x_wconf 73' lang='lat' dir='ltr'>creapidae.</span> 
     </span>
    </p>
   </div>
   <div class='ocr_carea' id='block_1_4' title="bbox 139 2491 1239 2681">
    <p class='ocr_par' dir='ltr' id='par_1_5' title="bbox 139 2491 1239 2681">
     <span class='ocr_line' id='line_1_19' title="bbox 140 2491 1239 2556; baseline 0.004 -16"><span class='ocrx_word' id='word_1_118' title='bbox 140 2494 196 2540; x_wconf 89' lang='lat' dir='ltr'>cios.</span> <span class='ocrx_word' id='word_1_119' title='bbox 210 2491 311 2539; x_wconf 82' lang='lat' dir='ltr'>Mistura</span> <span class='ocrx_word' id='word_1_120' title='bbox 324 2493 418 2556; x_wconf 72' lang='lat' dir='ltr'>raiae]</span> <span class='ocrx_word' id='word_1_121' title='bbox 436 2494 608 2556; x_wconf 78' lang='lat' dir='ltr'>Praeierendum</span> <span class='ocrx_word' id='word_1_122' title='bbox 626 2497 676 2542; x_wconf 80' lang='lat' dir='ltr'>mis-</span> <span class='ocrx_word' id='word_1_123' title='bbox 698 2493 738 2552; x_wconf 86' lang='lat' dir='ltr'>jus</span> <span class='ocrx_word' id='word_1_124' title='bbox 753 2491 818 2538; x_wconf 89' lang='lat' dir='ltr'>urbis</span> <span class='ocrx_word' id='word_1_125' title='bbox 829 2492 892 2540; x_wconf 81' lang='lat' dir='ltr'>eires</span> <span class='ocrx_word' id='word_1_126' title='bbox 903 2492 1016 2554; x_wconf 92' lang='lat' dir='ltr'>Pompeio</span> <span class='ocrx_word' id='word_1_127' title='bbox 1031 2493 1142 2549; x_wconf 79' lang='lat' dir='ltr'>faventes,</span> <span class='ocrx_word' id='word_1_128' title='bbox 1159 2500 1239 2554; x_wconf 77' lang='lat' dir='ltr'>porus</span> 
     </span>
     <span class='ocr_line' id='line_1_20' title="bbox 139 2557 1237 2620; baseline 0.002 -16"><span class='ocrx_word' id='word_1_129' title='bbox 139 2574 202 2614; x_wconf 82' lang='lat' dir='ltr'>sura,</span> <span class='ocrx_word' id='word_1_130' title='bbox 214 2561 371 2606; x_wconf 86' lang='lat' dir='ltr'>consentiente</span> <span class='ocrx_word' id='word_1_131' title='bbox 379 2557 586 2620; x_wconf 87' lang='lat' dir='ltr'>manuscriptorum</span> <span class='ocrx_word' id='word_1_132' title='bbox 598 2568 676 2606; x_wconf 89' lang='lat' dir='ltr'>aucto·</span> <span class='ocrx_word' id='word_1_133' title='bbox 702 2557 789 2602; x_wconf 76' lang='lat' dir='ltr'>caesari</span> <span class='ocrx_word' id='word_1_134' title='bbox 808 2558 909 2604; x_wconf 89' lang='lat' dir='ltr'>venienti</span> <span class='ocrx_word' id='word_1_135' title='bbox 930 2559 1085 2606; x_wconf 84' lang='lat' dir='ltr'>occluserunt.</span> <span class='ocrx_word' id='word_1_136' title='bbox 1110 2558 1237 2611; x_wconf 80' lang='lat' dir='ltr'>Caessr15.</span> 
     </span>
     <span class='ocr_line' id='line_1_21' title="bbox 140 2620 1238 2681; baseline 0 -11"><span class='ocrx_word' id='word_1_137' title='bbox 140 2624 216 2670; x_wconf 86' lang='lat' dir='ltr'>ritate.</span> <span class='ocrx_word' id='word_1_138' title='bbox 235 2620 301 2668; x_wconf 83' lang='lat' dir='ltr'>Grot.</span> <span class='ocrx_word' id='word_1_139' title='bbox 701 2620 787 2681; x_wconf 91' lang='lat' dir='ltr'>primos</span> <span class='ocrx_word' id='word_1_140' title='bbox 797 2622 979 2668; x_wconf 76' lang='lat' dir='ltr'>Massiliensium</span> <span class='ocrx_word' id='word_1_141' title='bbox 986 2631 1095 2669; x_wconf 89' lang='lat' dir='ltr'>evocatos</span> <span class='ocrx_word' id='word_1_142' title='bbox 1105 2630 1190 2678; x_wconf 84' lang='lat' dir='ltr'>movet,</span> <span class='ocrx_word' id='word_1_143' title='bbox 1200 2641 1238 2681; x_wconf 87' lang='lat' dir='ltr'>ne,</span> 
     </span>
    </p>
   </div>
   <div class='ocr_carea' id='block_1_5' title="bbox 170 2684 1331 2750">
    <p class='ocr_par' dir='ltr' id='par_1_6' title="bbox 170 2684 1331 2750">
     <span class='ocr_line' id='line_1_22' title="bbox 170 2684 1331 2750; baseline 0.001 -16"><span class='ocrx_word' id='word_1_144' title='bbox 170 2690 228 2734; x_wconf 69' lang='lat'>292.</span> <span class='ocrx_word' id='word_1_145' title='bbox 248 2685 300 2732; x_wconf 84' lang='lat' dir='ltr'>Non</span> <span class='ocrx_word' id='word_1_146' title='bbox 325 2688 427 2750; x_wconf 80' lang='lat' dir='ltr'>corniger</span> <span class='ocrx_word' id='word_1_147' title='bbox 445 2686 558 2748; x_wconf 63' lang='lat' dir='ltr'>simmam]</span> <span class='ocrx_word' id='word_1_148' title='bbox 594 2689 676 2747; x_wconf 87' lang='lat' dir='ltr'>Neque</span> <span class='ocrx_word' id='word_1_149' title='bbox 702 2685 757 2730; x_wconf 86' lang='lat' dir='ltr'>dnm</span> <span class='ocrx_word' id='word_1_150' title='bbox 767 2684 835 2730; x_wconf 89' lang='lat' dir='ltr'>unias</span> <span class='ocrx_word' id='word_1_151' title='bbox 846 2686 944 2732; x_wconf 89' lang='lat' dir='ltr'>hominis</span> <span class='ocrx_word' id='word_1_152' title='bbox 955 2687 1069 2747; x_wconf 75' lang='lat' dir='ltr'>voluptati</span> <span class='ocrx_word' id='word_1_153' title='bbox 1079 2688 1237 2748; x_wconf 84' lang='lat' dir='ltr'>obtemperare</span> <span class='ocrx_word' id='word_1_154' title='bbox 1327 2720 1331 2728; x_wconf 62' lang='lat'>=</span> 
     </span>
    </p>
   </div>
   <div class='ocr_carea' id='block_1_6' title="bbox 136 2747 1237 3716">
    <p class='ocr_par' dir='ltr' id='par_1_7' title="bbox 136 2747 1237 3716">
     <span class='ocr_line' id='line_1_23' title="bbox 139 2747 1237 2819; baseline 0.002 -21"><span class='ocrx_word' id='word_1_155' title='bbox 139 2751 219 2798; x_wconf 76' lang='lat' dir='ltr'>Africa</span> <span class='ocrx_word' id='word_1_156' title='bbox 226 2753 420 2800; x_wconf 81' lang='lat' dir='ltr'>cessavitsnxiiia</span> <span class='ocrx_word' id='word_1_157' title='bbox 427 2751 527 2808; x_wconf 89' lang='lat' dir='ltr'>mittere,</span> <span class='ocrx_word' id='word_1_158' title='bbox 536 2752 634 2810; x_wconf 89' lang='lat' dir='ltr'>incujus</span> <span class='ocrx_word' id='word_1_159' title='bbox 641 2767 676 2798; x_wconf 88' lang='lat' dir='ltr'>re·</span> <span class='ocrx_word' id='word_1_160' title='bbox 702 2749 782 2804; x_wconf 86' lang='lat' dir='ltr'>velint,</span> <span class='ocrx_word' id='word_1_161' title='bbox 794 2747 829 2793; x_wconf 91' lang='lat' dir='ltr'>ilii</span> <span class='ocrx_word' id='word_1_162' title='bbox 839 2749 883 2795; x_wconf 89' lang='lat' dir='ltr'>soli</span> <span class='ocrx_word' id='word_1_163' title='bbox 893 2765 922 2795; x_wconf 82' lang='lat' dir='ltr'>ex</span> <span class='ocrx_word' id='word_1_164' title='bbox 935 2751 1041 2819; x_wconf 68' lang='lat' dir='ltr'>omuibus</span> <span class='ocrx_word' id='word_1_165' title='bbox 1054 2751 1126 2797; x_wconf 78' lang='lat' dir='ltr'>ltalia</span> <span class='ocrx_word' id='word_1_166' title='bbox 1137 2751 1237 2800; x_wconf 85' lang='lat' dir='ltr'>civitati·</span> 
     </span>
     <span class='ocr_line' id='line_1_24' title="bbox 138 2813 1237 2877; baseline 0.003 -16"><span class='ocrx_word' id='word_1_167' title='bbox 138 2817 208 2877; x_wconf 73' lang='lat' dir='ltr'>gione</span> <span class='ocrx_word' id='word_1_168' title='bbox 220 2816 348 2874; x_wconf 81' lang='lat' dir='ltr'>Cyrenaica</span> <span class='ocrx_word' id='word_1_169' title='bbox 365 2817 456 2862; x_wconf 85' lang='lat' dir='ltr'>deserta</span> <span class='ocrx_word' id='word_1_170' title='bbox 475 2824 499 2863; x_wconf 88' lang='lat' dir='ltr'>et</span> <span class='ocrx_word' id='word_1_171' title='bbox 513 2831 607 2862; x_wconf 88' lang='lat' dir='ltr'>arenosa</span> <span class='ocrx_word' id='word_1_172' title='bbox 621 2817 676 2863; x_wconf 87' lang='lat' dir='ltr'>Jovi</span> <span class='ocrx_word' id='word_1_173' title='bbox 701 2813 744 2858; x_wconf 92' lang='lat' dir='ltr'>bus</span> <span class='ocrx_word' id='word_1_174' title='bbox 755 2813 841 2859; x_wconf 87' lang='lat' dir='ltr'>bellum</span> <span class='ocrx_word' id='word_1_175' title='bbox 853 2813 898 2859; x_wconf 88' lang='lat' dir='ltr'>sibi</span> <span class='ocrx_word' id='word_1_176' title='bbox 909 2824 1037 2862; x_wconf 82' lang='lat' dir='ltr'>accersant:</span> <span class='ocrx_word' id='word_1_177' title='bbox 1055 2816 1087 2861; x_wconf 88' lang='lat' dir='ltr'>ita</span> <span class='ocrx_word' id='word_1_178' title='bbox 1095 2814 1195 2863; x_wconf 91' lang='lat' dir='ltr'>monitos</span> <span class='ocrx_word' id='word_1_179' title='bbox 1207 2819 1237 2864; x_wconf 89' lang='lat' dir='ltr'>ad</span> 
     </span>
     <span class='ocr_line' id='line_1_25' title="bbox 138 2877 1237 2941; baseline 0.005 -16"><span class='ocrx_word' id='word_1_180' title='bbox 138 2881 246 2926; x_wconf 84' lang='lat' dir='ltr'>Ammoni</span> <span class='ocrx_word' id='word_1_181' title='bbox 256 2883 299 2926; x_wconf 90' lang='lat' dir='ltr'>sub</span> <span class='ocrx_word' id='word_1_182' title='bbox 310 2881 388 2941; x_wconf 86' lang='lat' dir='ltr'>specie</span> <span class='ocrx_word' id='word_1_183' title='bbox 401 2880 480 2927; x_wconf 88' lang='lat' dir='ltr'>arietis</span> <span class='ocrx_word' id='word_1_184' title='bbox 492 2881 554 2927; x_wconf 90' lang='lat' dir='ltr'>culto</span> <span class='ocrx_word' id='word_1_185' title='bbox 565 2880 675 2939; x_wconf 85' lang='lat' dir='ltr'>templum</span> <span class='ocrx_word' id='word_1_186' title='bbox 702 2893 757 2922; x_wconf 90' lang='lat' dir='ltr'>suos</span> <span class='ocrx_word' id='word_1_187' title='bbox 776 2877 879 2924; x_wconf 89' lang='lat' dir='ltr'>dimittit.</span> <span class='ocrx_word' id='word_1_188' title='bbox 898 2879 939 2924; x_wconf 89' lang='lat' dir='ltr'>hos</span> <span class='ocrx_word' id='word_1_189' title='bbox 956 2880 985 2926; x_wconf 86' lang='lat' dir='ltr'>sd</span> <span class='ocrx_word' id='word_1_190' title='bbox 997 2882 1110 2928; x_wconf 72' lang='lat' dir='ltr'>caesam</span> <span class='ocrx_word' id='word_1_191' title='bbox 1123 2896 1174 2928; x_wconf 89' lang='lat' dir='ltr'>cum</span> <span class='ocrx_word' id='word_1_192' title='bbox 1190 2897 1237 2930; x_wconf 84' lang='lat' dir='ltr'>res·</span> 
     </span>
     <span class='ocr_line' id='line_1_26' title="bbox 138 2942 1237 3005; baseline 0.002 -15"><span class='ocrx_word' id='word_1_193' title='bbox 138 2945 288 3000; x_wconf 81' lang='lat' dir='ltr'>consecrarit</span> <span class='ocrx_word' id='word_1_194' title='bbox 298 2947 368 2992; x_wconf 83' lang='lat' dir='ltr'>liber</span> <span class='ocrx_word' id='word_1_195' title='bbox 378 2952 452 3005; x_wconf 84' lang='lat' dir='ltr'>pater.</span> <span class='ocrx_word' id='word_1_196' title='bbox 470 2945 528 2991; x_wconf 83' lang='lat' dir='ltr'>inira</span> <span class='ocrx_word' id='word_1_197' title='bbox 539 2945 580 2990; x_wconf 91' lang='lat' dir='ltr'>lib.</span> <span class='ocrx_word' id='word_1_198' title='bbox 599 2947 621 2991; x_wconf 89' lang='lat'>9.</span> <span class='ocrx_word' id='word_1_199' title='bbox 639 2960 674 2991; x_wconf 85' lang='lat' dir='ltr'>rs.</span> <span class='ocrx_word' id='word_1_200' title='bbox 701 2957 775 3001; x_wconf 85' lang='lat' dir='ltr'>panso</span> <span class='ocrx_word' id='word_1_201' title='bbox 787 2956 801 2987; x_wconf 86' lang='lat' dir='ltr'>a</span> <span class='ocrx_word' id='word_1_202' title='bbox 811 2942 859 2988; x_wconf 87' lang='lat' dir='ltr'>suis</span> <span class='ocrx_word' id='word_1_203' title='bbox 869 2943 958 2990; x_wconf 86' lang='lat' dir='ltr'>civibus</span> <span class='ocrx_word' id='word_1_204' title='bbox 968 2944 1059 2990; x_wconf 84' lang='lat' dir='ltr'>reducit</span> <span class='ocrx_word' id='word_1_205' title='bbox 1067 2949 1142 3005; x_wconf 85' lang='lat' dir='ltr'>poeta.</span> <span class='ocrx_word' id='word_1_206' title='bbox 1169 2944 1237 2993; x_wconf 84' lang='lat' dir='ltr'>Mise-</span> 
     </span>
     <span class='ocr_line' id='line_1_27' title="bbox 136 3005 1236 3070; baseline -0.001 -14"><span class='ocrx_word' id='word_1_207' title='bbox 136 3013 195 3059; x_wconf 75' lang='lat'>511.</span> <span class='ocrx_word' id='word_1_208' title='bbox 213 3017 236 3054; x_wconf 89' lang='lat' dir='ltr'>et</span> <span class='ocrx_word' id='word_1_209' title='bbox 247 3009 287 3054; x_wconf 93' lang='lat' dir='ltr'>lib.</span> <span class='ocrx_word' id='word_1_210' title='bbox 302 3015 340 3058; x_wconf 91' lang='lat'>10.</span> <span class='ocrx_word' id='word_1_211' title='bbox 354 3026 388 3056; x_wconf 84' lang='lat' dir='ltr'>vs.</span> <span class='ocrx_word' id='word_1_212' title='bbox 401 3011 440 3055; x_wconf 81' lang='grc'>38.</span> <span class='ocrx_word' id='word_1_213' title='bbox 701 3005 941 3070; x_wconf 79' lang='lat' dir='ltr'>ra.(inquitF10rus)</span> <span class='ocrx_word' id='word_1_214' title='bbox 952 3007 1061 3064; x_wconf 77' lang='lat' dir='ltr'>Massilia,</span> <span class='ocrx_word' id='word_1_215' title='bbox 1072 3024 1120 3070; x_wconf 76' lang='lat' dir='ltr'>qua</span> <span class='ocrx_word' id='word_1_216' title='bbox 1130 3009 1185 3055; x_wconf 86' lang='lat' dir='ltr'>dum</span> <span class='ocrx_word' id='word_1_217' title='bbox 1196 3026 1236 3058; x_wconf 88' lang='lat' dir='ltr'>cu-</span> 
     </span>
     <span class='ocr_line' id='line_1_28' title="bbox 171 3070 1186 3135; baseline -0.001 -13"><span class='ocrx_word' id='word_1_218' title='bbox 171 3075 228 3122; x_wconf 74' lang='lat'>293.</span> <span class='ocrx_word' id='word_1_219' title='bbox 247 3073 417 3135; x_wconf 83' lang='lat' dir='ltr'>Marmaricas]</span> <span class='ocrx_word' id='word_1_220' title='bbox 436 3073 572 3120; x_wconf 87' lang='lat' dir='ltr'>Mannarica</span> <span class='ocrx_word' id='word_1_221' title='bbox 589 3072 675 3118; x_wconf 82' lang='lat' dir='ltr'>Airieae</span> <span class='ocrx_word' id='word_1_222' title='bbox 698 3072 733 3130; x_wconf 86' lang='lat' dir='ltr'>pit</span> <span class='ocrx_word' id='word_1_223' title='bbox 746 3086 832 3130; x_wconf 82' lang='lat' dir='ltr'>pacem,</span> <span class='ocrx_word' id='word_1_224' title='bbox 843 3071 893 3117; x_wconf 83' lang='lat' dir='ltr'>belii</span> <span class='ocrx_word' id='word_1_225' title='bbox 904 3081 964 3118; x_wconf 73' lang='lat' dir='ltr'>mma</span> <span class='ocrx_word' id='word_1_226' title='bbox 974 3075 998 3119; x_wconf 74' lang='lat' dir='ltr'>irs</span> <span class='ocrx_word' id='word_1_227' title='bbox 1010 3070 1186 3121; x_wconf 82' lang='lat' dir='ltr'>beiiumiueidit.</span> 
     </span>
     <span class='ocr_line' id='line_1_29' title="bbox 137 3134 1235 3203; baseline 0.001 -19"><span class='ocrx_word' id='word_1_228' title='bbox 137 3138 205 3198; x_wconf 77' lang='lat' dir='ltr'>regie</span> <span class='ocrx_word' id='word_1_229' title='bbox 217 3145 261 3194; x_wconf 87' lang='lat' dir='ltr'>est,</span> <span class='ocrx_word' id='word_1_230' title='bbox 272 3139 399 3199; x_wconf 81' lang='lat' dir='ltr'>AEgyptum</span> <span class='ocrx_word' id='word_1_231' title='bbox 410 3153 498 3184; x_wconf 87' lang='lat' dir='ltr'>versus.</span> <span class='ocrx_word' id='word_1_232' title='bbox 512 3138 554 3183; x_wconf 81' lang='lat' dir='ltr'>ho&#39;c</span> <span class='ocrx_word' id='word_1_233' title='bbox 564 3144 607 3192; x_wconf 87' lang='lat' dir='ltr'>est,</span> <span class='ocrx_word' id='word_1_234' title='bbox 616 3136 675 3183; x_wconf 86' lang='lat' dir='ltr'>Bar·</span> <span class='ocrx_word' id='word_1_235' title='bbox 733 3137 788 3182; x_wconf 76' lang='lat'>301.</span> <span class='ocrx_word' id='word_1_236' title='bbox 802 3134 897 3182; x_wconf 76' lang='lat' dir='ltr'>Pharaia</span> <span class='ocrx_word' id='word_1_237' title='bbox 907 3139 933 3182; x_wconf 81' lang='lat' dir='ltr'>ia</span> <span class='ocrx_word' id='word_1_238' title='bbox 943 3137 1024 3192; x_wconf 76' lang='lat' dir='ltr'>dubiis,</span> <span class='ocrx_word' id='word_1_239' title='bbox 1032 3136 1088 3200; x_wconf 75' lang='lat' dir='ltr'>dra]</span> <span class='ocrx_word' id='word_1_240' title='bbox 1103 3138 1235 3203; x_wconf 76' lang='lat' dir='ltr'>Massilien·</span> 
     </span>
     <span class='ocr_line' id='line_1_30' title="bbox 137 3200 1236 3262; baseline 0.001 -14"><span class='ocrx_word' id='word_1_241' title='bbox 137 3202 188 3248; x_wconf 78' lang='lat' dir='ltr'>clia.</span> <span class='ocrx_word' id='word_1_242' title='bbox 204 3201 252 3248; x_wconf 87' lang='lat' dir='ltr'>Alii</span> <span class='ocrx_word' id='word_1_243' title='bbox 262 3203 308 3261; x_wconf 71' lang='lat' dir='ltr'>leg.</span> <span class='ocrx_word' id='word_1_244' title='bbox 323 3203 482 3250; x_wconf 79' lang='lat' dir='ltr'>Marmaridas.</span> <span class='ocrx_word' id='word_1_245' title='bbox 701 3214 746 3247; x_wconf 84' lang='lat' dir='ltr'>ses.</span> <span class='ocrx_word' id='word_1_246' title='bbox 759 3200 915 3247; x_wconf 85' lang='lat' dir='ltr'>Phocoeenses</span> <span class='ocrx_word' id='word_1_247' title='bbox 925 3201 1011 3262; x_wconf 85' lang='lat' dir='ltr'>qnippe</span> <span class='ocrx_word' id='word_1_248' title='bbox 1022 3203 1094 3248; x_wconf 83' lang='lat' dir='ltr'>Ioniae</span> <span class='ocrx_word' id='word_1_249' title='bbox 1105 3218 1156 3262; x_wconf 82' lang='lat' dir='ltr'>quae</span> <span class='ocrx_word' id='word_1_250' title='bbox 1167 3203 1236 3250; x_wconf 90' lang='lat' dir='ltr'>estin</span> 
     </span>
     <span class='ocr_line' id='line_1_31' title="bbox 170 3263 1235 3329; baseline -0.003 -13"><span class='ocrx_word' id='word_1_251' title='bbox 170 3269 227 3316; x_wconf 74' lang='lat'>294.</span> <span class='ocrx_word' id='word_1_252' title='bbox 247 3268 358 3329; x_wconf 81' lang='lat' dir='ltr'>Quicquid</span> <span class='ocrx_word' id='word_1_253' title='bbox 375 3268 402 3314; x_wconf 84' lang='lat' dir='ltr'>ab</span> <span class='ocrx_word' id='word_1_254' title='bbox 416 3268 512 3313; x_wconf 79' lang='lat' dir='ltr'>occiduis</span> <span class='ocrx_word' id='word_1_255' title='bbox 531 3265 602 3328; x_wconf 82' lang='lat' dir='ltr'>Libye</span> <span class='ocrx_word' id='word_1_256' title='bbox 614 3273 676 3326; x_wconf 83' lang='lat' dir='ltr'>patet</span> <span class='ocrx_word' id='word_1_257' title='bbox 700 3264 765 3318; x_wconf 83' lang='lat' dir='ltr'>Asis,</span> <span class='ocrx_word' id='word_1_258' title='bbox 776 3267 805 3310; x_wconf 93' lang='lat' dir='ltr'>ab</span> <span class='ocrx_word' id='word_1_259' title='bbox 816 3263 927 3327; x_wconf 79' lang='lat' dir='ltr'>Harpago</span> <span class='ocrx_word' id='word_1_260' title='bbox 938 3267 994 3327; x_wconf 78' lang='lat' dir='ltr'>Cyri</span> <span class='ocrx_word' id='word_1_261' title='bbox 1006 3267 1114 3328; x_wconf 74' lang='lat' dir='ltr'>praesecto</span> <span class='ocrx_word' id='word_1_262' title='bbox 1129 3267 1200 3326; x_wconf 87' lang='lat' dir='ltr'>pulsi,</span> <span class='ocrx_word' id='word_1_263' title='bbox 1212 3268 1235 3313; x_wconf 92' lang='lat' dir='ltr'>in</span> 
     </span>
     <span class='ocr_line' id='line_1_32' title="bbox 138 3328 1234 3393; baseline 0.002 -17"><span class='ocrx_word' id='word_1_264' title='bbox 138 3332 204 3377; x_wconf 81' lang='lat' dir='ltr'>arida</span> <span class='ocrx_word' id='word_1_265' title='bbox 216 3331 315 3388; x_wconf 81' lang='lat' dir='ltr'>Mauris,</span> <span class='ocrx_word' id='word_1_266' title='bbox 326 3331 384 3393; x_wconf 73' lang='lat' dir='ltr'>bre]</span> <span class='ocrx_word' id='word_1_267' title='bbox 401 3332 486 3377; x_wconf 90' lang='lat' dir='ltr'>Omnes</span> <span class='ocrx_word' id='word_1_268' title='bbox 495 3339 574 3391; x_wconf 79' lang='lat' dir='ltr'>gentes</span> <span class='ocrx_word' id='word_1_269' title='bbox 585 3346 598 3376; x_wconf 91' lang='lat' dir='ltr'>a</span> <span class='ocrx_word' id='word_1_270' title='bbox 609 3332 675 3378; x_wconf 85' lang='lat' dir='ltr'>Mau·</span> <span class='ocrx_word' id='word_1_271' title='bbox 701 3328 797 3375; x_wconf 85' lang='lat' dir='ltr'>Galliam</span> <span class='ocrx_word' id='word_1_272' title='bbox 810 3344 893 3376; x_wconf 84' lang='lat' dir='ltr'>venere</span> <span class='ocrx_word' id='word_1_273' title='bbox 905 3331 1089 3387; x_wconf 85' lang='lat' dir='ltr'>Narbonensem,</span> <span class='ocrx_word' id='word_1_274' title='bbox 1099 3331 1139 3376; x_wconf 90' lang='lat' dir='ltr'>ubi</span> <span class='ocrx_word' id='word_1_275' title='bbox 1150 3332 1234 3378; x_wconf 88' lang='lat' dir='ltr'>Massi·</span> 
     </span>
     <span class='ocr_line' id='line_1_33' title="bbox 137 3392 925 3457; baseline 0 -15"><span class='ocrx_word' id='word_1_276' title='bbox 137 3395 230 3452; x_wconf 78' lang='lat' dir='ltr'>titania,</span> <span class='ocrx_word' id='word_1_277' title='bbox 241 3412 292 3455; x_wconf 79' lang='lat' dir='ltr'>qum</span> <span class='ocrx_word' id='word_1_278' title='bbox 304 3397 383 3443; x_wconf 87' lang='lat' dir='ltr'>ultima</span> <span class='ocrx_word' id='word_1_279' title='bbox 392 3403 491 3457; x_wconf 82' lang='lat' dir='ltr'>pareest</span> <span class='ocrx_word' id='word_1_280' title='bbox 502 3396 587 3442; x_wconf 84' lang='lat' dir='ltr'>Airioae</span> <span class='ocrx_word' id='word_1_281' title='bbox 598 3396 626 3441; x_wconf 88' lang='lat' dir='ltr'>ad</span> <span class='ocrx_word' id='word_1_282' title='bbox 636 3411 675 3442; x_wconf 89' lang='lat' dir='ltr'>oc·</span> <span class='ocrx_word' id='word_1_283' title='bbox 700 3392 754 3439; x_wconf 91' lang='lat' dir='ltr'>liam</span> <span class='ocrx_word' id='word_1_284' title='bbox 765 3393 925 3442; x_wconf 86' lang='lat' dir='ltr'>condiderant.</span> 
     </span>
     <span class='ocr_line' id='line_1_34' title="bbox 137 3456 1234 3522; baseline 0 -16"><span class='ocrx_word' id='word_1_285' title='bbox 137 3476 225 3517; x_wconf 81' lang='lat' dir='ltr'>casum,</span> <span class='ocrx_word' id='word_1_286' title='bbox 236 3477 309 3522; x_wconf 90' lang='lat' dir='ltr'>nsque</span> <span class='ocrx_word' id='word_1_287' title='bbox 319 3462 347 3507; x_wconf 84' lang='lat' dir='ltr'>ad</span> <span class='ocrx_word' id='word_1_288' title='bbox 358 3461 513 3507; x_wconf 70' lang='lat' dir='ltr'>Paraetoniam</span> <span class='ocrx_word' id='word_1_289' title='bbox 523 3468 614 3521; x_wconf 87' lang='lat' dir='ltr'>portam</span> <span class='ocrx_word' id='word_1_290' title='bbox 623 3475 675 3522; x_wconf 91' lang='lat' dir='ltr'>pro·</span> <span class='ocrx_word' id='word_1_291' title='bbox 732 3459 787 3504; x_wconf 72' lang='grc'><strong>300.</strong></span> <span class='ocrx_word' id='word_1_292' title='bbox 807 3456 879 3504; x_wconf 84' lang='lat' dir='ltr'>Graia</span> <span class='ocrx_word' id='word_1_293' title='bbox 890 3457 1056 3520; x_wconf 82' lang='lat' dir='ltr'>leuitatefidem.</span> <span class='ocrx_word' id='word_1_294' title='bbox 1089 3459 1169 3505; x_wconf 88' lang='lat' dir='ltr'>Graeca</span> <span class='ocrx_word' id='word_1_295' title='bbox 1178 3475 1234 3520; x_wconf 80' lang='lat' dir='ltr'>gens</span> 
     </span>
     <span class='ocr_line' id='line_1_35' title="bbox 137 3520 1236 3585; baseline -0.001 -14"><span class='ocrx_word' id='word_1_296' title='bbox 137 3540 167 3584; x_wconf 83' lang='lat' dir='ltr'>pe</span> <span class='ocrx_word' id='word_1_297' title='bbox 178 3526 267 3585; x_wconf 84' lang='lat' dir='ltr'>Syrtes,</span> <span class='ocrx_word' id='word_1_298' title='bbox 278 3532 353 3572; x_wconf 89' lang='lat' dir='ltr'>ortum</span> <span class='ocrx_word' id='word_1_299' title='bbox 366 3540 452 3573; x_wconf 86' lang='lat' dir='ltr'>versus.</span> <span class='ocrx_word' id='word_1_300' title='bbox 699 3520 758 3568; x_wconf 88' lang='lat' dir='ltr'>levis</span> <span class='ocrx_word' id='word_1_301' title='bbox 770 3522 824 3568; x_wconf 87' lang='lat' dir='ltr'>fidei</span> <span class='ocrx_word' id='word_1_302' title='bbox 835 3522 891 3568; x_wconf 90' lang='lat' dir='ltr'>olim</span> <span class='ocrx_word' id='word_1_303' title='bbox 906 3524 990 3570; x_wconf 82' lang='lat' dir='ltr'>habita.</span> <span class='ocrx_word' id='word_1_304' title='bbox 1007 3520 1172 3576; x_wconf 73' lang='grc' dir='ltr'>πιστονἽῖλλας</span> <span class='ocrx_word' id='word_1_305' title='bbox 1184 3521 1236 3570; x_wconf 72' lang='lat' dir='ltr'>oiisr</span> 
     </span>
     <span class='ocr_line' id='line_1_36' title="bbox 170 3584 1233 3654; baseline -0.002 -18"><span class='ocrx_word' id='word_1_306' title='bbox 170 3591 226 3640; x_wconf 76' lang='lat'><strong>296.</strong></span> <span class='ocrx_word' id='word_1_307' title='bbox 245 3590 358 3650; x_wconf 82' lang='lat' dir='ltr'>Acciperet</span> <span class='ocrx_word' id='word_1_308' title='bbox 366 3588 505 3654; x_wconf 61' lang='lat' dir='ltr'>felistim]</span> <span class='ocrx_word' id='word_1_309' title='bbox 532 3590 570 3635; x_wconf 92' lang='lat' dir='ltr'>Ne</span> <span class='ocrx_word' id='word_1_310' title='bbox 588 3587 674 3636; x_wconf 84' lang='lat' dir='ltr'>Caesari</span> <span class='ocrx_word' id='word_1_311' title='bbox 699 3584 759 3644; x_wconf 70' lang='lat' dir='ltr'>atis.</span> <span class='ocrx_word' id='word_1_312' title='bbox 781 3587 860 3648; x_wconf 87' lang='lat' dir='ltr'>Earip.</span> <span class='ocrx_word' id='word_1_313' title='bbox 874 3588 897 3634; x_wconf 91' lang='lat' dir='ltr'>in</span> <span class='ocrx_word' id='word_1_314' title='bbox 909 3587 984 3649; x_wconf 78' lang='lat' dir='ltr'>lphig.</span> <span class='ocrx_word' id='word_1_315' title='bbox 1007 3587 1142 3651; x_wconf 69' lang='lat' dir='ltr'>signataque</span> <span class='ocrx_word' id='word_1_316' title='bbox 1152 3587 1233 3651; x_wconf 78' lang='lat' dir='ltr'>jura]</span> 
     </span>
     <span class='ocr_line' id='line_1_37' title="bbox 138 3650 1135 3716; baseline -0.002 -15"><span class='ocrx_word' id='word_1_317' title='bbox 138 3669 198 3714; x_wconf 86' lang='lat' dir='ltr'>opus</span> <span class='ocrx_word' id='word_1_318' title='bbox 206 3664 270 3702; x_wconf 88' lang='lat' dir='ltr'>esset</span> <span class='ocrx_word' id='word_1_319' title='bbox 282 3655 384 3716; x_wconf 75' lang='lat' dir='ltr'>singulas</span> <span class='ocrx_word' id='word_1_320' title='bbox 395 3662 475 3716; x_wconf 78' lang='lat' dir='ltr'>gentes</span> <span class='ocrx_word' id='word_1_321' title='bbox 493 3654 610 3716; x_wconf 81' lang='lat' dir='ltr'>persequi,</span> <span class='ocrx_word' id='word_1_322' title='bbox 620 3669 674 3698; x_wconf 90' lang='lat' dir='ltr'>oon·</span> <span class='ocrx_word' id='word_1_323' title='bbox 699 3650 792 3698; x_wconf 75' lang='lat' dir='ltr'>Sancite</span> <span class='ocrx_word' id='word_1_324' title='bbox 802 3651 857 3698; x_wconf 85' lang='lat' dir='ltr'>olim</span> <span class='ocrx_word' id='word_1_325' title='bbox 869 3669 921 3698; x_wconf 87' lang='lat' dir='ltr'>oum</span> <span class='ocrx_word' id='word_1_326' title='bbox 932 3667 985 3714; x_wconf 89' lang='lat' dir='ltr'>pop.</span> <span class='ocrx_word' id='word_1_327' title='bbox 999 3653 1028 3698; x_wconf 82' lang='lat' dir='ltr'>a.</span> <span class='ocrx_word' id='word_1_328' title='bbox 1042 3653 1135 3699; x_wconf 87' lang='lat' dir='ltr'>ioedera.</span> 
     </span>
    </p>
   </div>
   <div class='ocr_carea' id='block_1_7' title="bbox 138 3714 1315 3780">
    <p class='ocr_par' dir='ltr' id='par_1_8' title="bbox 138 3714 1315 3780">
     <span class='ocr_line' id='line_1_38' title="bbox 138 3714 1315 3780; baseline -0.002 -15"><span class='ocrx_word' id='word_1_329' title='bbox 138 3719 192 3765; x_wconf 89' lang='lat' dir='ltr'>tulit</span> <span class='ocrx_word' id='word_1_330' title='bbox 203 3720 248 3765; x_wconf 91' lang='lat' dir='ltr'>huc</span> <span class='ocrx_word' id='word_1_331' title='bbox 261 3735 340 3765; x_wconf 86' lang='lat' dir='ltr'>omnes</span> <span class='ocrx_word' id='word_1_332' title='bbox 352 3721 452 3780; x_wconf 87' lang='lat' dir='ltr'>undique</span> <span class='ocrx_word' id='word_1_333' title='bbox 464 3722 571 3772; x_wconf 85' lang='lat' dir='ltr'>Fortuna,</span> <span class='ocrx_word' id='word_1_334' title='bbox 589 3725 613 3764; x_wconf 91' lang='lat' dir='ltr'>at</span> <span class='ocrx_word' id='word_1_335' title='bbox 629 3733 674 3764; x_wconf 91' lang='lat' dir='ltr'>una</span> <span class='ocrx_word' id='word_1_336' title='bbox 731 3718 787 3764; x_wconf 80' lang='grc'><strong>303,</strong></span> <span class='ocrx_word' id='word_1_337' title='bbox 800 3715 832 3763; x_wconf 86' lang='lat' dir='ltr'>Et</span> <span class='ocrx_word' id='word_1_338' title='bbox 839 3731 925 3772; x_wconf 76' lang='lat' dir='ltr'>carues,</span> <span class='ocrx_word' id='word_1_339' title='bbox 936 3732 979 3762; x_wconf 84' lang='lat' dir='ltr'>non</span> <span class='ocrx_word' id='word_1_340' title='bbox 982 3715 1047 3779; x_wconf 74' lang='lat' dir='ltr'>flata,</span> <span class='ocrx_word' id='word_1_341' title='bbox 1055 3714 1134 3780; x_wconf 77' lang='lat' dir='ltr'>requi]</span> <span class='ocrx_word' id='word_1_342' title='bbox 1152 3715 1233 3777; x_wconf 82' lang='lat' dir='ltr'>AEqai-</span> <span class='ocrx_word' id='word_1_343' title='bbox 1311 3770 1315 3778; x_wconf 38' lang='grc'><strong><em>1</em></strong></span> 
     </span>
    </p>
   </div>
   <div class='ocr_carea' id='block_1_8' title="bbox 110 3782 1254 4422">
    <p class='ocr_par' dir='ltr' id='par_1_9' title="bbox 137 3782 1052 3843">
     <span class='ocr_line' id='line_1_39' title="bbox 137 3782 1052 3843; baseline -0.004 -13"><span class='ocrx_word' id='word_1_344' title='bbox 137 3783 187 3830; x_wconf 81' lang='lat' dir='ltr'>acie</span> <span class='ocrx_word' id='word_1_345' title='bbox 211 3784 344 3831; x_wconf 76' lang='lat' dir='ltr'>Pharsalica</span> <span class='ocrx_word' id='word_1_346' title='bbox 366 3787 446 3832; x_wconf 88' lang='lat' dir='ltr'>orbem</span> <span class='ocrx_word' id='word_1_347' title='bbox 463 3791 537 3832; x_wconf 85' lang='lat' dir='ltr'>totum</span> <span class='ocrx_word' id='word_1_348' title='bbox 556 3782 674 3843; x_wconf 85' lang='lat' dir='ltr'>subigeret</span> <span class='ocrx_word' id='word_1_349' title='bbox 698 3785 768 3827; x_wconf 87' lang='lat' dir='ltr'>tatem</span> <span class='ocrx_word' id='word_1_350' title='bbox 780 3797 825 3826; x_wconf 91' lang='lat' dir='ltr'>non</span> <span class='ocrx_word' id='word_1_351' title='bbox 837 3782 949 3828; x_wconf 81' lang='lat' dir='ltr'>fortunam</span> <span class='ocrx_word' id='word_1_352' title='bbox 963 3796 1010 3842; x_wconf 81' lang='lat' dir='ltr'>seq.</span> <span class='ocrx_word' id='word_1_353' title='bbox 1048 3806 1052 3814; x_wconf 85' lang='lat'>=</span> 
     </span>
    </p>

    <p class='ocr_par' dir='ltr' id='par_1_10' title="bbox 137 3843 1232 3974">
     <span class='ocr_line' id='line_1_40' title="bbox 137 3843 1176 3908; baseline -0.004 -13"><span class='ocrx_word' id='word_1_354' title='bbox 137 3847 224 3896; x_wconf 63' lang='grc' dir='ltr'>(ἔπειτ.</span> <span class='ocrx_word' id='word_1_355' title='bbox 730 3846 787 3891; x_wconf 87' lang='grc'><strong>304.</strong></span> <span class='ocrx_word' id='word_1_356' title='bbox 808 3843 856 3891; x_wconf 81' lang='lat' dir='ltr'>Viri</span> <span class='ocrx_word' id='word_1_357' title='bbox 866 3845 985 3908; x_wconf 75' lang='lat' dir='ltr'>deflectere,</span> <span class='ocrx_word' id='word_1_358' title='bbox 996 3845 1176 3907; x_wconf 60' lang='lat' dir='ltr'>&amp;c.],Coesaris.</span> 
     </span>
     <span class='ocr_line' id='line_1_41' title="bbox 170 3907 1232 3974; baseline -0.003 -15"><span class='ocrx_word' id='word_1_359' title='bbox 170 3915 227 3962; x_wconf 77' lang='lat'><strong>298.</strong></span> <span class='ocrx_word' id='word_1_360' title='bbox 244 3911 286 3959; x_wconf 79' lang='lat' dir='ltr'>lite</span> <span class='ocrx_word' id='word_1_361' title='bbox 305 3914 345 3959; x_wconf 86' lang='lat' dir='ltr'>ubi</span> <span class='ocrx_word' id='word_1_362' title='bbox 360 3910 474 3972; x_wconf 75' lang='lat' dir='ltr'>deseruit]</span> <span class='ocrx_word' id='word_1_363' title='bbox 504 3911 563 3965; x_wconf 79' lang='lat' dir='ltr'>Post</span> <span class='ocrx_word' id='word_1_364' title='bbox 581 3911 673 3972; x_wconf 84' lang='lat' dir='ltr'>longam</span> <span class='ocrx_word' id='word_1_365' title='bbox 730 3911 786 3957; x_wconf 85' lang='grc'><strong>306.</strong></span> <span class='ocrx_word' id='word_1_366' title='bbox 798 3907 1232 3974; x_wconf 80' lang='lat' dir='ltr'>Cecropiaeproeiotafrendehiinervae.]</span> 
     </span>
    </p>

    <p class='ocr_par' dir='ltr' id='par_1_11' title="bbox 139 3969 1233 4039">
     <span class='ocr_line' id='line_1_42' title="bbox 139 3969 1233 4039; baseline -0.004 -15"><span class='ocrx_word' id='word_1_367' title='bbox 139 3969 238 4038; x_wconf 76' lang='lat' dir='ltr'>catalogi</span> <span class='ocrx_word' id='word_1_368' title='bbox 249 3979 387 4039; x_wconf 87' lang='lat' dir='ltr'>populorum</span> <span class='ocrx_word' id='word_1_369' title='bbox 399 3978 490 4030; x_wconf 88' lang='lat' dir='ltr'>seriem,</span> <span class='ocrx_word' id='word_1_370' title='bbox 506 3976 546 4036; x_wconf 89' lang='lat' dir='ltr'>qui</span> <span class='ocrx_word' id='word_1_371' title='bbox 559 3982 607 4022; x_wconf 88' lang='lat' dir='ltr'>tots</span> <span class='ocrx_word' id='word_1_372' title='bbox 618 3975 673 4022; x_wconf 81' lang='lat' dir='ltr'>Asia</span> <span class='ocrx_word' id='word_1_373' title='bbox 698 3973 821 4021; x_wconf 74' lang='lat' dir='ltr'>Gesmntes</span> <span class='ocrx_word' id='word_1_374' title='bbox 830 3991 897 4022; x_wconf 85' lang='lat' dir='ltr'>manu</span> <span class='ocrx_word' id='word_1_375' title='bbox 914 3983 937 4021; x_wconf 92' lang='lat' dir='ltr'>et</span> <span class='ocrx_word' id='word_1_376' title='bbox 948 3976 1115 4038; x_wconf 84' lang='lat' dir='ltr'>praetendentes</span> <span class='ocrx_word' id='word_1_377' title='bbox 1128 3974 1233 4022; x_wconf 75' lang='lat' dir='ltr'>frondem</span> 
     </span>
    </p>

    <p class='ocr_par' dir='ltr' id='par_1_12' title="bbox 138 4039 1232 4102">
     <span class='ocr_line' id='line_1_43' title="bbox 138 4039 1232 4102; baseline -0.005 -13"><span class='ocrx_word' id='word_1_378' title='bbox 138 4052 161 4089; x_wconf 88' lang='lat' dir='ltr'>et</span> <span class='ocrx_word' id='word_1_379' title='bbox 172 4044 267 4102; x_wconf 83' lang='lat' dir='ltr'>Europa</span> <span class='ocrx_word' id='word_1_380' title='bbox 277 4043 364 4089; x_wconf 83' lang='lat' dir='ltr'>auxilia</span> <span class='ocrx_word' id='word_1_381' title='bbox 375 4040 486 4102; x_wconf 89' lang='lat' dir='ltr'>Pompeio</span> <span class='ocrx_word' id='word_1_382' title='bbox 502 4040 621 4097; x_wconf 87' lang='lat' dir='ltr'>miserunt,</span> <span class='ocrx_word' id='word_1_383' title='bbox 636 4056 672 4086; x_wconf 89' lang='lat' dir='ltr'>re·</span> <span class='ocrx_word' id='word_1_384' title='bbox 697 4039 826 4100; x_wconf 76' lang='lat' dir='ltr'>oleaginum</span> <span class='ocrx_word' id='word_1_385' title='bbox 837 4039 901 4100; x_wconf 83' lang='lat' dir='ltr'>pacis</span> <span class='ocrx_word' id='word_1_386' title='bbox 912 4040 1010 4101; x_wconf 75' lang='lat' dir='ltr'>signum,</span> <span class='ocrx_word' id='word_1_387' title='bbox 1020 4039 1098 4086; x_wconf 83' lang='lat' dir='ltr'>Pallas</span> <span class='ocrx_word' id='word_1_388' title='bbox 1106 4055 1162 4086; x_wconf 86' lang='lat' dir='ltr'>vero</span> <span class='ocrx_word' id='word_1_389' title='bbox 1173 4054 1232 4100; x_wconf 80' lang='lat' dir='ltr'>prte-</span> 
     </span>
    </p>

    <p class='ocr_par' dir='ltr' id='par_1_13' title="bbox 138 4103 1254 4165">
     <span class='ocr_line' id='line_1_44' title="bbox 138 4103 1254 4165; baseline -0.004 -12"><span class='ocrx_word' id='word_1_390' title='bbox 138 4108 173 4154; x_wconf 90' lang='lat' dir='ltr'>dit</span> <span class='ocrx_word' id='word_1_391' title='bbox 183 4107 212 4152; x_wconf 78' lang='lat' dir='ltr'>ad</span> <span class='ocrx_word' id='word_1_392' title='bbox 224 4107 376 4152; x_wconf 80' lang='lat' dir='ltr'>intermissam</span> <span class='ocrx_word' id='word_1_393' title='bbox 393 4106 544 4152; x_wconf 86' lang='lat' dir='ltr'>narrationem</span> <span class='ocrx_word' id='word_1_394' title='bbox 561 4105 671 4152; x_wconf 68' lang='lat' dir='ltr'>historice.</span> <span class='ocrx_word' id='word_1_395' title='bbox 697 4118 734 4149; x_wconf 82' lang='lat' dir='ltr'>ses</span> <span class='ocrx_word' id='word_1_396' title='bbox 745 4105 886 4150; x_wconf 86' lang='lat' dir='ltr'>Athenarum</span> <span class='ocrx_word' id='word_1_397' title='bbox 903 4103 1001 4165; x_wconf 80' lang='lat' dir='ltr'>Cecropi</span> <span class='ocrx_word' id='word_1_398' title='bbox 1018 4104 1133 4165; x_wconf 84' lang='lat' dir='ltr'>qnondam</span> <span class='ocrx_word' id='word_1_399' title='bbox 1150 4119 1232 4163; x_wconf 82' lang='lat' dir='ltr'>regna·</span> <span class='ocrx_word' id='word_1_400' title='bbox 1249 4132 1254 4141; x_wconf 80' lang='lat'><strong>·</strong></span> 
     </span>
    </p>

    <p class='ocr_par' dir='ltr' id='par_1_14' title="bbox 140 4167 1232 4230">
     <span class='ocr_line' id='line_1_45' title="bbox 140 4167 1232 4230; baseline -0.005 -12"><span class='ocrx_word' id='word_1_401' title='bbox 140 4171 242 4218; x_wconf 72' lang='lat' dir='ltr'>Heriem.</span> <span class='ocrx_word' id='word_1_402' title='bbox 260 4169 303 4216; x_wconf 81' lang='lat' dir='ltr'>lite</span> <span class='ocrx_word' id='word_1_403' title='bbox 319 4173 358 4217; x_wconf 85' lang='lat' dir='ltr'>abi</span> <span class='ocrx_word' id='word_1_404' title='bbox 368 4172 470 4226; x_wconf 73' lang='lat' dir='ltr'>deamat,</span> <span class='ocrx_word' id='word_1_405' title='bbox 482 4168 538 4230; x_wconf 85' lang='lat' dir='ltr'>&amp;c.]</span> <span class='ocrx_word' id='word_1_406' title='bbox 556 4170 671 4216; x_wconf 82' lang='lat' dir='ltr'>Caesarab</span> <span class='ocrx_word' id='word_1_407' title='bbox 697 4174 778 4224; x_wconf 85' lang='lat' dir='ltr'>tarum,</span> <span class='ocrx_word' id='word_1_408' title='bbox 789 4169 846 4215; x_wconf 78' lang='lat' dir='ltr'>olere</span> <span class='ocrx_word' id='word_1_409' title='bbox 856 4169 991 4229; x_wconf 88' lang='lat' dir='ltr'>perhibetur</span> <span class='ocrx_word' id='word_1_410' title='bbox 1001 4167 1125 4216; x_wconf 83' lang='lat' dir='ltr'>inventrix.</span> <span class='ocrx_word' id='word_1_411' title='bbox 1138 4168 1232 4214; x_wconf 66' lang='lat' dir='ltr'>&amp;atum</span> 
     </span>
    </p>

    <p class='ocr_par' dir='ltr' id='par_1_15' title="bbox 110 4231 1232 4298">
     <span class='ocr_line' id='line_1_46' title="bbox 110 4231 1232 4298; baseline -0.004 -16"><span class='ocrx_word' id='word_1_412' title='bbox 110 4251 114 4260; x_wconf 91' lang='lat'>·</span> <span class='ocrx_word' id='word_1_413' title='bbox 138 4238 194 4282; x_wconf 88' lang='lat' dir='ltr'>urbe</span> <span class='ocrx_word' id='word_1_414' title='bbox 205 4235 323 4298; x_wconf 86' lang='lat' dir='ltr'>proiectus</span> <span class='ocrx_word' id='word_1_415' title='bbox 330 4235 352 4281; x_wconf 92' lang='lat' dir='ltr'>in</span> <span class='ocrx_word' id='word_1_416' title='bbox 360 4235 493 4282; x_wconf 85' lang='lat' dir='ltr'>ulteriorem</span> <span class='ocrx_word' id='word_1_417' title='bbox 503 4235 608 4292; x_wconf 80' lang='lat' dir='ltr'>Galliam,</span> <span class='ocrx_word' id='word_1_418' title='bbox 617 4250 672 4294; x_wconf 76' lang='lat' dir='ltr'>cog-</span> <span class='ocrx_word' id='word_1_419' title='bbox 696 4241 791 4280; x_wconf 82' lang='lat' dir='ltr'>aratores</span> <span class='ocrx_word' id='word_1_420' title='bbox 800 4241 899 4296; x_wconf 77' lang='lat' dir='ltr'>augusta</span> <span class='ocrx_word' id='word_1_421' title='bbox 908 4235 938 4280; x_wconf 87' lang='lat' dir='ltr'>ad</span> <span class='ocrx_word' id='word_1_422' title='bbox 948 4235 1029 4288; x_wconf 75' lang='lat' dir='ltr'>menia</span> <span class='ocrx_word' id='word_1_423' title='bbox 1038 4232 1097 4296; x_wconf 75' lang='lat' dir='ltr'>regis</span> <span class='ocrx_word' id='word_1_424' title='bbox 1102 4231 1139 4279; x_wconf 86' lang='lat' dir='ltr'>lre</span> <span class='ocrx_word' id='word_1_425' title='bbox 1141 4233 1232 4294; x_wconf 77' lang='lat' dir='ltr'>juberet,</span> 
     </span>
    </p>

    <p class='ocr_par' dir='ltr' id='par_1_16' title="bbox 137 4297 1231 4367">
     <span class='ocr_line' id='line_1_47' title="bbox 137 4297 1231 4367; baseline -0.001 -22"><span class='ocrx_word' id='word_1_426' title='bbox 137 4300 203 4346; x_wconf 84' lang='lat' dir='ltr'>novit</span> <span class='ocrx_word' id='word_1_427' title='bbox 214 4299 344 4346; x_wconf 87' lang='lat' dir='ltr'>Domitium</span> <span class='ocrx_word' id='word_1_428' title='bbox 355 4315 452 4361; x_wconf 81' lang='lat' dir='ltr'>nupera</span> <span class='ocrx_word' id='word_1_429' title='bbox 469 4315 494 4346; x_wconf 89' lang='lat' dir='ltr'>se</span> <span class='ocrx_word' id='word_1_430' title='bbox 510 4307 603 4360; x_wconf 88' lang='lat' dir='ltr'>captum</span> <span class='ocrx_word' id='word_1_431' title='bbox 615 4298 672 4344; x_wconf 87' lang='lat' dir='ltr'>Cor·</span> <span class='ocrx_word' id='word_1_432' title='bbox 695 4299 764 4345; x_wconf 80' lang='lat' dir='ltr'>ramis</span> <span class='ocrx_word' id='word_1_433' title='bbox 775 4298 854 4346; x_wconf 82' lang='lat' dir='ltr'>uelatos</span> <span class='ocrx_word' id='word_1_434' title='bbox 870 4298 971 4346; x_wconf 81' lang='lat' dir='ltr'>Palladis</span> <span class='ocrx_word' id='word_1_435' title='bbox 984 4313 1063 4347; x_wconf 73' lang='lat' dir='ltr'>omum.</span> <span class='ocrx_word' id='word_1_436' title='bbox 1076 4297 1142 4359; x_wconf 84' lang='lat' dir='ltr'>Virg.</span> <span class='ocrx_word' id='word_1_437' title='bbox 1159 4297 1231 4367; x_wconf 82' lang='lat' dir='ltr'>AEne·</span> 
     </span>
    </p>

    <p class='ocr_par' dir='ltr' id='par_1_17' title="bbox 138 4361 764 4422">
     <span class='ocr_line' id='line_1_48' title="bbox 138 4361 764 4422; baseline -0.005 -10"><span class='ocrx_word' id='word_1_438' title='bbox 138 4364 185 4422; x_wconf 80' lang='lat' dir='ltr'>tinii</span> <span class='ocrx_word' id='word_1_439' title='bbox 192 4371 216 4412; x_wconf 83' lang='lat' dir='ltr'>et</span> <span class='ocrx_word' id='word_1_440' title='bbox 226 4364 346 4412; x_wconf 86' lang='lat' dir='ltr'>dimissam</span> <span class='ocrx_word' id='word_1_441' title='bbox 353 4365 475 4414; x_wconf 84' lang='lat' dir='ltr'>advenisse</span> <span class='ocrx_word' id='word_1_442' title='bbox 485 4363 621 4420; x_wconf 82' lang='lat' dir='ltr'>Massiliam,</span> <span class='ocrx_word' id='word_1_443' title='bbox 632 4379 672 4410; x_wconf 90' lang='lat' dir='ltr'>cu·</span> <span class='ocrx_word' id='word_1_444' title='bbox 696 4361 729 4409; x_wconf 92' lang='lat' dir='ltr'>id.</span> <span class='ocrx_word' id='word_1_445' title='bbox 740 4367 764 4410; x_wconf 77' lang='grc'>7.</span> 
     </span>
    </p>
   </div>
   <div class='ocr_carea' id='block_1_9' title="bbox 0 0 1396 4860">
    <p class='ocr_par' dir='ltr' id='par_1_18' title="bbox 0 0 1396 4860">
     <span class='ocr_line' id='line_1_49' title="bbox 0 0 1396 4860; baseline 0 1"><span class='ocrx_word' id='word_1_446' title='bbox 0 0 1396 4860; x_wconf 95' lang='lat' dir='ltr'> </span> 
     </span>
    </p>
   </div>
  </div>
 </body>
</html>
