<?xml version="1.0" encoding="UTF-8"?>
<!DOCTYPE html PUBLIC "-//W3C//DTD XHTML 1.0 Transitional//EN"
    "http://www.w3.org/TR/xhtml1/DTD/xhtml1-transitional.dtd">
<html xmlns="http://www.w3.org/1999/xhtml" xml:lang="en" lang="en">
 <head>
  <title>
</title>
<meta http-equiv="Content-Type" content="text/html;charset=utf-8" />
  <meta name='ocr-system' content='tesseract 3.04.00' />
  <meta name='ocr-capabilities' content='ocr_page ocr_carea ocr_par ocr_line ocrx_word'/>
</head>
<body>
  <div class='ocr_page' id='page_1' title='image "./mannaeuslucanus00grotgoog/mannaeuslucanus00grotgoog_0446.png"; bbox 0 0 2784 4860; ppageno 0'>
   <div class='ocr_carea' id='block_1_1' title="bbox 335 320 1301 441">
    <p class='ocr_par' dir='ltr' id='par_1_1' title="bbox 335 320 1301 441">
     <span class='ocr_line' id='line_1_1' title="bbox 335 320 1301 441; baseline 0.003 -45"><span class='ocrx_word' id='word_1_1' title='bbox 335 320 564 399; x_wconf 85' lang='lat' dir='ltr'><strong>CIVILIS</strong></span> <span class='ocrx_word' id='word_1_2' title='bbox 610 328 786 396; x_wconf 72' lang='lat' dir='ltr'><strong>Bubul</strong></span> <span class='ocrx_word' id='word_1_3' title='bbox 830 327 941 394; x_wconf 86' lang='lat' dir='ltr'><strong>LIB.</strong></span> <span class='ocrx_word' id='word_1_4' title='bbox 979 329 1050 441; x_wconf 66' lang='lat' dir='ltr'><strong>III.</strong></span> <span class='ocrx_word' id='word_1_5' title='bbox 1178 333 1244 399; x_wconf 75' lang='lat'><strong>417</strong></span> <span class='ocrx_word' id='word_1_6' title='bbox 1296 349 1301 356; x_wconf 89' lang='grc'><em>’</em></span> 
     </span>
    </p>
   </div>
   <div class='ocr_carea' id='block_1_2' title="bbox 138 505 1240 2569">
    <p class='ocr_par' dir='ltr' id='par_1_2' title="bbox 141 505 1059 698">
     <span class='ocr_line' id='line_1_2' title="bbox 141 505 1059 590; baseline 0.001 -20"><span class='ocrx_word' id='word_1_7' title='bbox 141 505 211 585; x_wconf 81' lang='lat' dir='ltr'><strong>Qui</strong></span> <span class='ocrx_word' id='word_1_8' title='bbox 225 525 279 569; x_wconf 91' lang='lat' dir='ltr'><strong>me</strong></span> <span class='ocrx_word' id='word_1_9' title='bbox 294 511 391 582; x_wconf 90' lang='lat' dir='ltr'><strong>teste,</strong></span> <span class='ocrx_word' id='word_1_10' title='bbox 406 507 490 588; x_wconf 86' lang='lat' dir='ltr'><strong>pati,</strong></span> <span class='ocrx_word' id='word_1_11' title='bbox 506 507 561 569; x_wconf 90' lang='lat' dir='ltr'><strong>vel</strong></span> <span class='ocrx_word' id='word_1_12' title='bbox 576 525 654 588; x_wconf 88' lang='lat' dir='ltr'><strong>quae</strong></span> <span class='ocrx_word' id='word_1_13' title='bbox 671 506 1059 590; x_wconf 83' lang='lat' dir='ltr'><strong>tristissima„pulcrum‚</strong></span> 
     </span>
     <span class='ocr_line' id='line_1_3' title="bbox 141 615 995 698; baseline 0.001 -18"><span class='ocrx_word' id='word_1_14' title='bbox 141 615 402 697; x_wconf 86' lang='lat' dir='ltr'><strong>Romanumque</strong></span> <span class='ocrx_word' id='word_1_15' title='bbox 417 619 548 698; x_wconf 86' lang='lat' dir='ltr'><strong>putant.</strong></span> <span class='ocrx_word' id='word_1_16' title='bbox 565 621 600 678; x_wconf 90' lang='lat' dir='ltr'><strong>at</strong></span> <span class='ocrx_word' id='word_1_17' title='bbox 619 616 678 698; x_wconf 93' lang='lat' dir='ltr'><strong>qui</strong></span> <span class='ocrx_word' id='word_1_18' title='bbox 694 634 858 697; x_wconf 86' lang='lat' dir='ltr'><strong>sponsore</strong></span> <span class='ocrx_word' id='word_1_19' title='bbox 875 617 995 681; x_wconf 86' lang='lat' dir='ltr'><strong>salutis</strong></span> 
     </span>
    </p>

    <p class='ocr_par' dir='ltr' id='par_1_3' title="bbox 140 722 1027 808">
     <span class='ocr_line' id='line_1_4' title="bbox 140 722 1027 808; baseline 0.002 -20"><span class='ocrx_word' id='word_1_20' title='bbox 140 725 244 789; x_wconf 85' lang='lat' dir='ltr'><strong>Miles</strong></span> <span class='ocrx_word' id='word_1_21' title='bbox 259 731 345 807; x_wconf 87' lang='lat' dir='ltr'><strong>eget,</strong></span> <span class='ocrx_word' id='word_1_22' title='bbox 362 722 561 808; x_wconf 82' lang='lat' dir='ltr'><strong>capiturque</strong></span> <span class='ocrx_word' id='word_1_23' title='bbox 576 727 699 788; x_wconf 87' lang='lat' dir='ltr'><strong>animae</strong></span> <span class='ocrx_word' id='word_1_24' title='bbox 715 726 906 802; x_wconf 84' lang='lat' dir='ltr'><strong>dulcedine,</strong></span> <span class='ocrx_word' id='word_1_25' title='bbox 921 726 1027 804; x_wconf 85' lang='lat' dir='ltr'><strong>vadat</strong></span> 
     </span>
    </p>

    <p class='ocr_par' dir='ltr' id='par_1_4' title="bbox 140 833 1000 917">
     <span class='ocr_line' id='line_1_5' title="bbox 140 833 1000 917; baseline 0.001 -19"><span class='ocrx_word' id='word_1_26' title='bbox 140 833 198 899; x_wconf 88' lang='lat' dir='ltr'><strong>Ad</strong></span> <span class='ocrx_word' id='word_1_27' title='bbox 214 836 387 898; x_wconf 89' lang='lat' dir='ltr'><strong>dominum</strong></span> <span class='ocrx_word' id='word_1_28' title='bbox 400 835 539 898; x_wconf 88' lang='lat' dir='ltr'><strong>meliore</strong></span> <span class='ocrx_word' id='word_1_29' title='bbox 555 836 622 898; x_wconf 89' lang='lat' dir='ltr'><strong>via.</strong></span> <span class='ocrx_word' id='word_1_30' title='bbox 637 835 718 898; x_wconf 91' lang='lat' dir='ltr'><strong>dum</strong></span> <span class='ocrx_word' id='word_1_31' title='bbox 735 835 864 917; x_wconf 89' lang='lat' dir='ltr'><strong>primus</strong></span> <span class='ocrx_word' id='word_1_32' title='bbox 881 855 1000 899; x_wconf 81' lang='lat' dir='ltr'>arenas</span> 
     </span>
    </p>

    <p class='ocr_par' dir='ltr' id='par_1_5' title="bbox 140 943 1240 1136">
     <span class='ocr_line' id='line_1_6' title="bbox 140 943 1240 1027; baseline 0 -19"><span class='ocrx_word' id='word_1_33' title='bbox 140 943 324 1026; x_wconf 83' lang='lat' dir='ltr'><strong>Ingrediar,</strong></span> <span class='ocrx_word' id='word_1_34' title='bbox 340 945 535 1027; x_wconf 89' lang='lat' dir='ltr'><strong>primusque</strong></span> <span class='ocrx_word' id='word_1_35' title='bbox 550 946 674 1026; x_wconf 76' lang='lat' dir='ltr'><strong>gradrm</strong></span> <span class='ocrx_word' id='word_1_36' title='bbox 688 947 724 1008; x_wconf 91' lang='lat' dir='ltr'><strong>in</strong></span> <span class='ocrx_word' id='word_1_37' title='bbox 739 945 878 1027; x_wconf 89' lang='lat' dir='ltr'><strong>pulvere</strong></span> <span class='ocrx_word' id='word_1_38' title='bbox 893 964 1031 1027; x_wconf 87' lang='lat' dir='ltr'><strong>ponam,</strong></span> <span class='ocrx_word' id='word_1_39' title='bbox 1174 946 1240 1010; x_wconf 87' lang='grc'><strong>395</strong></span> 
     </span>
     <span class='ocr_line' id='line_1_7' title="bbox 142 1053 980 1136; baseline 0.002 -20"><span class='ocrx_word' id='word_1_40' title='bbox 142 1053 201 1117; x_wconf 93' lang='lat' dir='ltr'><strong>Me</strong></span> <span class='ocrx_word' id='word_1_41' title='bbox 218 1054 311 1118; x_wconf 87' lang='lat' dir='ltr'><strong>calor</strong></span> <span class='ocrx_word' id='word_1_42' title='bbox 326 1055 491 1118; x_wconf 86' lang='lat' dir='ltr'><strong>aethereus</strong></span> <span class='ocrx_word' id='word_1_43' title='bbox 506 1054 615 1131; x_wconf 85' lang='lat' dir='ltr'><strong>feriat,</strong></span> <span class='ocrx_word' id='word_1_44' title='bbox 637 1055 719 1118; x_wconf 89' lang='lat' dir='ltr'><strong>mihi</strong></span> <span class='ocrx_word' id='word_1_45' title='bbox 733 1055 837 1136; x_wconf 88' lang='lat' dir='ltr'><strong>plena</strong></span> <span class='ocrx_word' id='word_1_46' title='bbox 844 1073 980 1119; x_wconf 73' lang='lat' dir='ltr'><strong>,veneno</strong></span> 
     </span>
    </p>

    <p class='ocr_par' dir='ltr' id='par_1_6' title="bbox 142 1161 940 1246">
     <span class='ocr_line' id='line_1_8' title="bbox 142 1161 940 1246; baseline 0.004 -21"><span class='ocrx_word' id='word_1_47' title='bbox 142 1161 306 1227; x_wconf 83' lang='lat' dir='ltr'><strong>Occurrat</strong></span> <span class='ocrx_word' id='word_1_48' title='bbox 323 1183 461 1246; x_wconf 90' lang='lat' dir='ltr'><strong>serpens</strong></span> <span class='ocrx_word' id='word_1_49' title='bbox 474 1183 483 1242; x_wconf 90' lang='lat'>;</span> <span class='ocrx_word' id='word_1_50' title='bbox 506 1163 645 1246; x_wconf 86' lang='lat' dir='ltr'><strong>fatoque</strong></span> <span class='ocrx_word' id='word_1_51' title='bbox 658 1164 813 1246; x_wconf 89' lang='lat' dir='ltr'><strong>pericula</strong></span> <span class='ocrx_word' id='word_1_52' title='bbox 825 1170 940 1228; x_wconf 89' lang='lat' dir='ltr'><strong>vestra</strong></span> 
     </span>
    </p>

    <p class='ocr_par' dir='ltr' id='par_1_7' title="bbox 140 1269 979 1356">
     <span class='ocr_line' id='line_1_9' title="bbox 140 1269 979 1356; baseline 0 -20"><span class='ocrx_word' id='word_1_53' title='bbox 140 1272 344 1339; x_wconf 75' lang='lat' dir='ltr'><strong>Praetentate</strong></span> <span class='ocrx_word' id='word_1_54' title='bbox 359 1295 454 1338; x_wconf 87' lang='lat' dir='ltr'><strong>meo:</strong></span> <span class='ocrx_word' id='word_1_55' title='bbox 478 1269 791 1356; x_wconf 69' lang='lat' dir='ltr'><strong>sitiat-quicunque</strong></span> <span class='ocrx_word' id='word_1_56' title='bbox 807 1274 979 1337; x_wconf 91' lang='lat' dir='ltr'><strong>bibentem</strong></span> 
     </span>
    </p>

    <p class='ocr_par' dir='ltr' id='par_1_8' title="bbox 140 1383 1240 1686">
     <span class='ocr_line' id='line_1_10' title="bbox 140 1383 1118 1466; baseline -0.001 -19"><span class='ocrx_word' id='word_1_57' title='bbox 140 1383 291 1448; x_wconf 88' lang='lat' dir='ltr'><strong>Viderit:</strong></span> <span class='ocrx_word' id='word_1_58' title='bbox 316 1390 375 1448; x_wconf 90' lang='lat' dir='ltr'><strong>aut</strong></span> <span class='ocrx_word' id='word_1_59' title='bbox 389 1385 525 1448; x_wconf 88' lang='lat' dir='ltr'><strong>umbras</strong></span> <span class='ocrx_word' id='word_1_60' title='bbox 539 1403 712 1447; x_wconf 89' lang='lat' dir='ltr'><strong>nemorum</strong></span> <span class='ocrx_word' id='word_1_61' title='bbox 729 1383 922 1466; x_wconf 90' lang='lat' dir='ltr'><strong>quicunque</strong></span> <span class='ocrx_word' id='word_1_62' title='bbox 937 1389 1118 1466; x_wconf 90' lang='lat' dir='ltr'><strong>petentem,</strong></span> 
     </span>
     <span class='ocr_line' id='line_1_11' title="bbox 141 1492 1240 1576; baseline 0.001 -18"><span class='ocrx_word' id='word_1_63' title='bbox 141 1495 296 1558; x_wconf 87' lang='lat' dir='ltr'><strong>AEstuet:</strong></span> <span class='ocrx_word' id='word_1_64' title='bbox 320 1499 379 1557; x_wconf 92' lang='lat' dir='ltr'><strong>aut</strong></span> <span class='ocrx_word' id='word_1_65' title='bbox 394 1495 542 1576; x_wconf 92' lang='lat' dir='ltr'><strong>equitem</strong></span> <span class='ocrx_word' id='word_1_66' title='bbox 556 1492 708 1575; x_wconf 80' lang='lat' dir='ltr'><strong>pedItum</strong></span> <span class='ocrx_word' id='word_1_67' title='bbox 722 1495 916 1576; x_wconf 71' lang='lat' dir='ltr'><strong>praecedere</strong></span> <span class='ocrx_word' id='word_1_68' title='bbox 931 1501 1069 1571; x_wconf 76' lang='lat' dir='ltr'><strong>turmae,</strong></span> <span class='ocrx_word' id='word_1_69' title='bbox 1173 1494 1240 1565; x_wconf 85' lang='grc'><strong>400</strong></span> 
     </span>
     <span class='ocr_line' id='line_1_12' title="bbox 142 1603 903 1686; baseline -0.003 -18"><span class='ocrx_word' id='word_1_70' title='bbox 142 1604 309 1683; x_wconf 84' lang='lat' dir='ltr'><strong>Deficiat3</strong></span> <span class='ocrx_word' id='word_1_71' title='bbox 333 1605 364 1667; x_wconf 88' lang='lat' dir='ltr'><strong>si</strong></span> <span class='ocrx_word' id='word_1_72' title='bbox 379 1624 447 1686; x_wconf 92' lang='lat' dir='ltr'><strong>quo</strong></span> <span class='ocrx_word' id='word_1_73' title='bbox 462 1604 563 1666; x_wconf 90' lang='lat' dir='ltr'><strong>fuerit</strong></span> <span class='ocrx_word' id='word_1_74' title='bbox 577 1603 770 1667; x_wconf 89' lang='lat' dir='ltr'><strong>discrimine</strong></span> <span class='ocrx_word' id='word_1_75' title='bbox 785 1609 903 1667; x_wconf 89' lang='lat' dir='ltr'><strong>notum</strong></span> 
     </span>
    </p>

    <p class='ocr_par' dir='ltr' id='par_1_9' title="bbox 140 1703 1128 1905">
     <span class='ocr_line' id='line_1_13' title="bbox 140 1703 1128 1796; baseline 0 -17"><span class='ocrx_word' id='word_1_76' title='bbox 140 1714 234 1792; x_wconf 85' lang='lat' dir='ltr'><strong>Dux,</strong></span> <span class='ocrx_word' id='word_1_77' title='bbox 251 1735 296 1778; x_wconf 89' lang='lat' dir='ltr'><strong>an</strong></span> <span class='ocrx_word' id='word_1_78' title='bbox 310 1715 408 1777; x_wconf 92' lang='lat' dir='ltr'><strong>miles</strong></span> <span class='ocrx_word' id='word_1_79' title='bbox 423 1734 509 1778; x_wconf 90' lang='lat' dir='ltr'><strong>eam.</strong></span> <span class='ocrx_word' id='word_1_80' title='bbox 526 1731 676 1796; x_wconf 88' lang='lat' dir='ltr'><strong>serpens,</strong></span> <span class='ocrx_word' id='word_1_81' title='bbox 693 1713 780 1788; x_wconf 81' lang='lat' dir='ltr'><strong>sitis,</strong></span> <span class='ocrx_word' id='word_1_82' title='bbox 796 1713 911 1791; x_wconf 85' lang='lat' dir='ltr'><strong>ardor,</strong></span> <span class='ocrx_word' id='word_1_83' title='bbox 923 1734 1047 1791; x_wconf 85' lang='lat' dir='ltr'><strong>arenae,</strong></span> <span class='ocrx_word' id='word_1_84' title='bbox 1126 1703 1128 1712; x_wconf 69' lang='grc'>’</span> 
     </span>
     <span class='ocr_line' id='line_1_14' title="bbox 141 1822 871 1905; baseline -0.004 -16"><span class='ocrx_word' id='word_1_85' title='bbox 141 1825 269 1889; x_wconf 92' lang='lat' dir='ltr'><strong>Dulcia</strong></span> <span class='ocrx_word' id='word_1_86' title='bbox 282 1825 417 1888; x_wconf 82' lang='lat' dir='ltr'><strong>virtuti:</strong></span> <span class='ocrx_word' id='word_1_87' title='bbox 441 1823 579 1888; x_wconf 87' lang='lat' dir='ltr'><strong>Gaudet</strong></span> <span class='ocrx_word' id='word_1_88' title='bbox 588 1823 753 1905; x_wconf 86' lang='lat' dir='ltr'><strong>patientia</strong></span> <span class='ocrx_word' id='word_1_89' title='bbox 767 1822 871 1900; x_wconf 87' lang='lat' dir='ltr'><strong>duris.</strong></span> 
     </span>
    </p>

    <p class='ocr_par' dir='ltr' id='par_1_10' title="bbox 141 1933 1087 2018">
     <span class='ocr_line' id='line_1_15' title="bbox 141 1933 1087 2018; baseline -0.004 -18"><span class='ocrx_word' id='word_1_90' title='bbox 141 1937 270 2001; x_wconf 89' lang='lat' dir='ltr'><strong>Laetius</strong></span> <span class='ocrx_word' id='word_1_91' title='bbox 286 1941 349 2011; x_wconf 90' lang='lat' dir='ltr'><strong>est,</strong></span> <span class='ocrx_word' id='word_1_92' title='bbox 366 1936 500 2018; x_wconf 90' lang='lat' dir='ltr'><strong>quoties</strong></span> <span class='ocrx_word' id='word_1_93' title='bbox 516 1953 639 2016; x_wconf 78' lang='lat' dir='ltr'><strong>magno</strong></span> <span class='ocrx_word' id='word_1_94' title='bbox 655 1933 721 1996; x_wconf 92' lang='lat' dir='ltr'><strong>sibi</strong></span> <span class='ocrx_word' id='word_1_95' title='bbox 737 1937 881 2009; x_wconf 89' lang='lat' dir='ltr'><strong>constat,</strong></span> <span class='ocrx_word' id='word_1_96' title='bbox 897 1933 1087 1997; x_wconf 86' lang='lat' dir='ltr'><strong>honestum.</strong></span> 
     </span>
    </p>

    <p class='ocr_par' dir='ltr' id='par_1_11' title="bbox 138 2043 1239 2239">
     <span class='ocr_line' id='line_1_16' title="bbox 138 2043 1239 2130; baseline -0.003 -19"><span class='ocrx_word' id='word_1_97' title='bbox 138 2047 223 2111; x_wconf 88' lang='lat' dir='ltr'><strong>Sola</strong></span> <span class='ocrx_word' id='word_1_98' title='bbox 236 2051 350 2130; x_wconf 89' lang='lat' dir='ltr'><strong>potest</strong></span> <span class='ocrx_word' id='word_1_99' title='bbox 365 2046 473 2128; x_wconf 88' lang='lat' dir='ltr'><strong>Libye</strong></span> <span class='ocrx_word' id='word_1_100' title='bbox 489 2045 621 2110; x_wconf 90' lang='lat' dir='ltr'><strong>turbam</strong></span> <span class='ocrx_word' id='word_1_101' title='bbox 636 2047 798 2125; x_wconf 85' lang='lat' dir='ltr'><strong>praestare</strong></span> <span class='ocrx_word' id='word_1_102' title='bbox 813 2043 992 2120; x_wconf 90' lang='lat' dir='ltr'><strong>malorum,</strong></span> <span class='ocrx_word' id='word_1_103' title='bbox 1137 2080 1148 2115; x_wconf 61' lang='grc' dir='ltr'><em>Ι</em></span> <span class='ocrx_word' id='word_1_104' title='bbox 1173 2045 1239 2108; x_wconf 83' lang='grc'><strong>405</strong></span> 
     </span>
     <span class='ocr_line' id='line_1_17' title="bbox 138 2152 928 2239; baseline -0.005 -19"><span class='ocrx_word' id='word_1_105' title='bbox 138 2156 187 2221; x_wconf 92' lang='lat' dir='ltr'><strong>Ut</strong></span> <span class='ocrx_word' id='word_1_106' title='bbox 201 2158 322 2222; x_wconf 91' lang='lat' dir='ltr'><strong>deceat</strong></span> <span class='ocrx_word' id='word_1_107' title='bbox 336 2157 465 2239; x_wconf 86' lang='lat' dir='ltr'><strong>fugisse</strong></span> <span class='ocrx_word' id='word_1_108' title='bbox 480 2157 584 2220; x_wconf 91' lang='lat' dir='ltr'><strong>viros.</strong></span> <span class='ocrx_word' id='word_1_109' title='bbox 630 2153 689 2216; x_wconf 89' lang='lat' dir='ltr'><strong>Sic</strong></span> <span class='ocrx_word' id='word_1_110' title='bbox 704 2152 761 2214; x_wconf 91' lang='lat' dir='ltr'><strong>ille</strong></span> <span class='ocrx_word' id='word_1_111' title='bbox 778 2153 928 2216; x_wconf 88' lang='lat' dir='ltr'><strong>calentes</strong></span> 
     </span>
    </p>

    <p class='ocr_par' dir='ltr' id='par_1_12' title="bbox 138 2261 950 2340">
     <span class='ocr_line' id='line_1_18' title="bbox 138 2261 950 2340; baseline -0.005 -9"><span class='ocrx_word' id='word_1_112' title='bbox 138 2261 294 2331; x_wconf 90' lang='lat' dir='ltr'><strong>Incendit</strong></span> <span class='ocrx_word' id='word_1_113' title='bbox 307 2269 429 2331; x_wconf 88' lang='lat' dir='ltr'><strong>virtute</strong></span> <span class='ocrx_word' id='word_1_114' title='bbox 445 2267 589 2340; x_wconf 89' lang='lat' dir='ltr'><strong>animos,</strong></span> <span class='ocrx_word' id='word_1_115' title='bbox 606 2269 640 2328; x_wconf 91' lang='lat' dir='ltr'><strong>et</strong></span> <span class='ocrx_word' id='word_1_116' title='bbox 654 2282 768 2326; x_wconf 86' lang='lat' dir='ltr'><strong>amore</strong></span> <span class='ocrx_word' id='word_1_117' title='bbox 783 2263 950 2340; x_wconf 87' lang='lat' dir='ltr'><strong>laborum,</strong></span> 
     </span>
    </p>

    <p class='ocr_par' dir='ltr' id='par_1_13' title="bbox 138 2373 923 2458">
     <span class='ocr_line' id='line_1_19' title="bbox 138 2373 923 2458; baseline -0.003 -18"><span class='ocrx_word' id='word_1_118' title='bbox 138 2376 399 2458; x_wconf 90' lang='lat' dir='ltr'><strong>Irreducemque</strong></span> <span class='ocrx_word' id='word_1_119' title='bbox 415 2375 507 2439; x_wconf 85' lang='lat' dir='ltr'><strong>viam</strong></span> <span class='ocrx_word' id='word_1_120' title='bbox 524 2375 657 2438; x_wconf 87' lang='lat' dir='ltr'><strong>deserto</strong></span> <span class='ocrx_word' id='word_1_121' title='bbox 672 2373 778 2437; x_wconf 90' lang='lat' dir='ltr'><strong>limite</strong></span> <span class='ocrx_word' id='word_1_122' title='bbox 796 2376 923 2457; x_wconf 88' lang='lat' dir='ltr'><strong>carpit:</strong></span> 
     </span>
    </p>

    <p class='ocr_par' dir='ltr' id='par_1_14' title="bbox 138 2484 937 2569">
     <span class='ocr_line' id='line_1_20' title="bbox 138 2484 937 2569; baseline -0.004 -18"><span class='ocrx_word' id='word_1_123' title='bbox 138 2487 182 2552; x_wconf 90' lang='lat' dir='ltr'><strong>Et</strong></span> <span class='ocrx_word' id='word_1_124' title='bbox 196 2507 330 2552; x_wconf 90' lang='lat' dir='ltr'><strong>sacrum</strong></span> <span class='ocrx_word' id='word_1_125' title='bbox 345 2506 452 2569; x_wconf 86' lang='lat' dir='ltr'><strong>parvo</strong></span> <span class='ocrx_word' id='word_1_126' title='bbox 466 2505 590 2549; x_wconf 90' lang='lat' dir='ltr'><strong>nomen</strong></span> <span class='ocrx_word' id='word_1_127' title='bbox 605 2484 764 2549; x_wconf 83' lang='lat' dir='ltr'><strong>clausura</strong></span> <span class='ocrx_word' id='word_1_128' title='bbox 779 2486 937 2568; x_wconf 89' lang='lat' dir='ltr'><strong>sepulcro</strong></span> 
     </span>
    </p>
   </div>
   <div class='ocr_carea' id='block_1_3' title="bbox 140 2657 1236 2787">
    <p class='ocr_par' dir='ltr' id='par_1_15' title="bbox 140 2657 1236 2787">
     <span class='ocr_line' id='line_1_21' title="bbox 140 2657 1236 2722; baseline 0.002 -16"><span class='ocrx_word' id='word_1_129' title='bbox 140 2661 188 2707; x_wconf 80' lang='lat'><strong>391</strong></span> <span class='ocrx_word' id='word_1_130' title='bbox 200 2661 245 2722; x_wconf 82' lang='lat' dir='ltr'><strong>qui.</strong></span> <span class='ocrx_word' id='word_1_131' title='bbox 320 2662 465 2719; x_wconf 69' lang='lat' dir='ltr'><strong>39tputent.</strong></span> <span class='ocrx_word' id='word_1_132' title='bbox 539 2658 587 2707; x_wconf 80' lang='lat'><strong>395</strong></span> <span class='ocrx_word' id='word_1_133' title='bbox 596 2657 724 2717; x_wconf 74' lang='lat' dir='ltr'><strong>primosque.</strong></span> <span class='ocrx_word' id='word_1_134' title='bbox 806 2659 927 2720; x_wconf 79' lang='lat' dir='ltr'><strong>405poter.</strong></span> <span class='ocrx_word' id='word_1_135' title='bbox 1008 2661 1236 2718; x_wconf 80' lang='lat' dir='ltr'><strong>405turbo,turmu.</strong></span> 
     </span>
     <span class='ocr_line' id='line_1_22' title="bbox 268 2722 1106 2787; baseline 0.001 -17"><span class='ocrx_word' id='word_1_136' title='bbox 268 2727 316 2774; x_wconf 83' lang='lat'><strong>405</strong></span> <span class='ocrx_word' id='word_1_137' title='bbox 326 2725 432 2770; x_wconf 57' lang='lat' dir='ltr'><strong>ararim,</strong></span> <span class='ocrx_word' id='word_1_138' title='bbox 610 2723 659 2770; x_wconf 79' lang='lat'><strong>406</strong></span> <span class='ocrx_word' id='word_1_139' title='bbox 670 2722 753 2768; x_wconf 86' lang='lat' dir='ltr'><strong>doceat.</strong></span> <span class='ocrx_word' id='word_1_140' title='bbox 940 2726 989 2787; x_wconf 80' lang='grc'><strong>406</strong></span> <span class='ocrx_word' id='word_1_141' title='bbox 999 2735 1106 2783; x_wconf 78' lang='lat' dir='ltr'><strong>paventes.</strong></span> 
     </span>
    </p>
   </div>
   <div class='ocr_carea' id='block_1_4' title="bbox 365 2786 1009 2848">
    <p class='ocr_par' dir='ltr' id='par_1_16' title="bbox 365 2786 1009 2848">
     <span class='ocr_line' id='line_1_23' title="bbox 365 2786 1009 2848; baseline 0.002 -14"><span class='ocrx_word' id='word_1_142' title='bbox 365 2786 616 2848; x_wconf 75' lang='lat' dir='ltr'><strong>4081nreduomrqroe.</strong></span> <span class='ocrx_word' id='word_1_143' title='bbox 778 2790 826 2836; x_wconf 75' lang='lat'><strong>409</strong></span> <span class='ocrx_word' id='word_1_144' title='bbox 834 2802 903 2847; x_wconf 79' lang='lat' dir='ltr'><strong>parvo</strong></span> <span class='ocrx_word' id='word_1_145' title='bbox 913 2801 1009 2836; x_wconf 80' lang='lat' dir='ltr'><strong>suorum.</strong></span> 
     </span>
    </p>
   </div>
   <div class='ocr_carea' id='block_1_5' title="bbox 91 2927 1246 4410">
    <p class='ocr_par' dir='ltr' id='par_1_17' title="bbox 91 2927 1246 4410">
     <span class='ocr_line' id='line_1_24' title="bbox 172 2927 912 2991; baseline -0.003 -15"><span class='ocrx_word' id='word_1_146' title='bbox 172 2932 228 2977; x_wconf 68' lang='lat'><strong>392.</strong></span> <span class='ocrx_word' id='word_1_147' title='bbox 248 2928 413 2990; x_wconf 75' lang='lat' dir='ltr'><strong>Rornuoumque</strong></span> <span class='ocrx_word' id='word_1_148' title='bbox 432 2928 536 2991; x_wconf 78' lang='lat' dir='ltr'><strong>putant]</strong></span> <span class='ocrx_word' id='word_1_149' title='bbox 562 2927 676 2981; x_wconf 80' lang='lat' dir='ltr'><strong>Romano,</strong></span> <span class='ocrx_word' id='word_1_150' title='bbox 701 2929 813 2988; x_wconf 82' lang='lat' dir='ltr'><strong>etmejor.</strong></span> <span class='ocrx_word' id='word_1_151' title='bbox 832 2927 912 2990; x_wconf 83' lang='lat' dir='ltr'><strong>Snlpit.</strong></span> 
     </span>
     <span class='ocr_line' id='line_1_25' title="bbox 138 2992 1235 3059; baseline 0.003 -18"><span class='ocrx_word' id='word_1_152' title='bbox 138 2994 163 3041; x_wconf 92' lang='lat' dir='ltr'><strong>id</strong></span> <span class='ocrx_word' id='word_1_153' title='bbox 175 3000 218 3049; x_wconf 92' lang='lat' dir='ltr'><strong>est,</strong></span> <span class='ocrx_word' id='word_1_154' title='bbox 230 2993 284 3040; x_wconf 82' lang='lat' dir='ltr'><strong>forti</strong></span> <span class='ocrx_word' id='word_1_155' title='bbox 298 2993 349 3040; x_wconf 88' lang='lat' dir='ltr'><strong>viro</strong></span> <span class='ocrx_word' id='word_1_156' title='bbox 361 2994 463 3053; x_wconf 77' lang='lat' dir='ltr'><strong>dIgnum.</strong></span> <span class='ocrx_word' id='word_1_157' title='bbox 487 2992 567 3054; x_wconf 81' lang='lat' dir='ltr'><strong>Atqui</strong></span> <span class='ocrx_word' id='word_1_158' title='bbox 578 3005 676 3052; x_wconf 74' lang='lat' dir='ltr'><strong>sporum</strong></span> <span class='ocrx_word' id='word_1_159' title='bbox 732 2995 789 3042; x_wconf 86' lang='grc'><strong>405.</strong></span> <span class='ocrx_word' id='word_1_160' title='bbox 806 2993 857 3040; x_wconf 80' lang='lat' dir='ltr'><strong>soto</strong></span> <span class='ocrx_word' id='word_1_161' title='bbox 870 3002 940 3054; x_wconf 82' lang='lat' dir='ltr'><strong>potest</strong></span> <span class='ocrx_word' id='word_1_162' title='bbox 952 2994 1096 3059; x_wconf 82' lang='lat' dir='ltr'><strong>Libye,&amp;o.]</strong></span> <span class='ocrx_word' id='word_1_163' title='bbox 1113 2996 1235 3044; x_wconf 78' lang='lat' dir='ltr'><strong>Timidita-</strong></span> 
     </span>
     <span class='ocr_line' id='line_1_26' title="bbox 138 3055 1235 3120; baseline 0.005 -15"><span class='ocrx_word' id='word_1_164' title='bbox 138 3057 237 3120; x_wconf 79' lang='lat' dir='ltr'><strong>rututr&#39;s.]</strong></span> <span class='ocrx_word' id='word_1_165' title='bbox 254 3057 301 3116; x_wconf 86' lang='lat' dir='ltr'><strong>Qui</strong></span> <span class='ocrx_word' id='word_1_166' title='bbox 322 3074 387 3111; x_wconf 56' lang='lat' dir='ltr'><strong>vero,</strong></span> <span class='ocrx_word' id='word_1_167' title='bbox 399 3058 456 3104; x_wconf 81' lang='lat' dir='ltr'><strong>adeo</strong></span> <span class='ocrx_word' id='word_1_168' title='bbox 475 3056 555 3117; x_wconf 81' lang='lat' dir='ltr'><strong>ignavi</strong></span> <span class='ocrx_word' id='word_1_169' title='bbox 572 3061 632 3111; x_wconf 88' lang='lat' dir='ltr'><strong>sunt,</strong></span> <span class='ocrx_word' id='word_1_170' title='bbox 650 3063 676 3102; x_wconf 91' lang='lat' dir='ltr'><strong>ut</strong></span> <span class='ocrx_word' id='word_1_171' title='bbox 701 3055 732 3103; x_wconf 82' lang='lat' dir='ltr'><strong>tls</strong></span> <span class='ocrx_word' id='word_1_172' title='bbox 741 3064 765 3103; x_wconf 89' lang='lat' dir='ltr'><strong>et</strong></span> <span class='ocrx_word' id='word_1_173' title='bbox 775 3058 850 3118; x_wconf 84' lang='lat' dir='ltr'><strong>turpis</strong></span> <span class='ocrx_word' id='word_1_174' title='bbox 857 3059 917 3119; x_wconf 82' lang='lat' dir='ltr'><strong>lugae</strong></span> <span class='ocrx_word' id='word_1_175' title='bbox 926 3060 1020 3114; x_wconf 81' lang='lat' dir='ltr'><strong>ortmine</strong></span> <span class='ocrx_word' id='word_1_176' title='bbox 1029 3061 1183 3108; x_wconf 82' lang='lat' dir='ltr'><strong>absolvetnos</strong></span> <span class='ocrx_word' id='word_1_177' title='bbox 1190 3061 1235 3110; x_wconf 89' lang='lat' dir='ltr'><strong>iter</strong></span> 
     </span>
     <span class='ocr_line' id='line_1_27' title="bbox 139 3120 1236 3187; baseline 0.003 -17"><span class='ocrx_word' id='word_1_178' title='bbox 139 3124 207 3170; x_wconf 79' lang='lat' dir='ltr'><strong>saluti</strong></span> <span class='ocrx_word' id='word_1_179' title='bbox 219 3138 267 3169; x_wconf 80' lang='lat' dir='ltr'><strong>suae</strong></span> <span class='ocrx_word' id='word_1_180' title='bbox 282 3128 306 3168; x_wconf 92' lang='lat' dir='ltr'><strong>et</strong></span> <span class='ocrx_word' id='word_1_181' title='bbox 325 3122 381 3168; x_wconf 71' lang='lat' dir='ltr'><strong>vita</strong></span> <span class='ocrx_word' id='word_1_182' title='bbox 399 3122 452 3182; x_wconf 88' lang='lat' dir='ltr'><strong>plus</strong></span> <span class='ocrx_word' id='word_1_183' title='bbox 470 3121 596 3176; x_wconf 81' lang='lat' dir='ltr'><strong>consulant</strong></span> <span class='ocrx_word' id='word_1_184' title='bbox 608 3136 675 3181; x_wconf 82' lang='lat' dir='ltr'><strong>quoru</strong></span> <span class='ocrx_word' id='word_1_185' title='bbox 700 3120 743 3166; x_wconf 91' lang='lat' dir='ltr'><strong>boc</strong></span> <span class='ocrx_word' id='word_1_186' title='bbox 753 3137 795 3182; x_wconf 91' lang='lat' dir='ltr'><strong>per</strong></span> <span class='ocrx_word' id='word_1_187' title='bbox 804 3123 887 3184; x_wconf 77' lang='lat' dir='ltr'><strong>Libyae</strong></span> <span class='ocrx_word' id='word_1_188' title='bbox 900 3124 1072 3182; x_wconf 84' lang='lat' dir='ltr'><strong>periculsomni</strong></span> <span class='ocrx_word' id='word_1_189' title='bbox 1083 3126 1148 3172; x_wconf 89' lang='lat' dir='ltr'><strong>hoste</strong></span> <span class='ocrx_word' id='word_1_190' title='bbox 1160 3127 1236 3187; x_wconf 75' lang='lat' dir='ltr'><strong>gravt-</strong></span> 
     </span>
     <span class='ocr_line' id='line_1_28' title="bbox 139 3185 1235 3251; baseline 0.003 -17"><span class='ocrx_word' id='word_1_191' title='bbox 139 3188 235 3234; x_wconf 87' lang='lat' dir='ltr'><strong>bonesto</strong></span> <span class='ocrx_word' id='word_1_192' title='bbox 246 3194 271 3234; x_wconf 87' lang='lat' dir='ltr'><strong>ot</strong></span> <span class='ocrx_word' id='word_1_193' title='bbox 284 3186 402 3244; x_wconf 82' lang='lat' dir='ltr'><strong>libertati3</strong></span> <span class='ocrx_word' id='word_1_194' title='bbox 418 3186 447 3233; x_wconf 90' lang='lat' dir='ltr'><strong>iis</strong></span> <span class='ocrx_word' id='word_1_195' title='bbox 465 3193 529 3247; x_wconf 82' lang='lat' dir='ltr'><strong>patet</strong></span> <span class='ocrx_word' id='word_1_196' title='bbox 547 3185 640 3232; x_wconf 90' lang='lat' dir='ltr'><strong>mollior</strong></span> <span class='ocrx_word' id='word_1_197' title='bbox 651 3191 675 3230; x_wconf 88' lang='lat' dir='ltr'><strong>et</strong></span> <span class='ocrx_word' id='word_1_198' title='bbox 701 3199 740 3232; x_wconf 83' lang='lat' dir='ltr'><strong>ors</strong></span> <span class='ocrx_word' id='word_1_199' title='bbox 751 3195 831 3246; x_wconf 91' lang='lat' dir='ltr'><strong>sponte</strong></span> <span class='ocrx_word' id='word_1_200' title='bbox 843 3195 983 3248; x_wconf 79' lang='lat' dir='ltr'><strong>susceptum.</strong></span> <span class='ocrx_word' id='word_1_201' title='bbox 993 3188 1064 3251; x_wconf 76' lang='lat' dir='ltr'><strong>Libye</strong></span> <span class='ocrx_word' id='word_1_202' title='bbox 1070 3188 1158 3236; x_wconf 80' lang='lat' dir='ltr'><strong>tortam</strong></span> <span class='ocrx_word' id='word_1_203' title='bbox 1166 3205 1235 3250; x_wconf 80' lang='lat' dir='ltr'><strong>pres·</strong></span> 
     </span>
     <span class='ocr_line' id='line_1_29' title="bbox 140 3250 1234 3315; baseline 0.003 -17"><span class='ocrx_word' id='word_1_204' title='bbox 140 3251 228 3298; x_wconf 78' lang='lat' dir='ltr'><strong>fecilior</strong></span> <span class='ocrx_word' id='word_1_205' title='bbox 240 3253 268 3298; x_wconf 85' lang='lat' dir='ltr'><strong>ad</strong></span> <span class='ocrx_word' id='word_1_206' title='bbox 281 3258 371 3312; x_wconf 84' lang='lat' dir='ltr'><strong>turpem</strong></span> <span class='ocrx_word' id='word_1_207' title='bbox 382 3251 516 3298; x_wconf 80' lang='lat' dir='ltr'><strong>servitutem</strong></span> <span class='ocrx_word' id='word_1_208' title='bbox 532 3250 576 3297; x_wconf 83' lang='lat' dir='ltr'><strong>vis.</strong></span> <span class='ocrx_word' id='word_1_209' title='bbox 700 3257 757 3306; x_wconf 85' lang='lat' dir='ltr'><strong>ture,</strong></span> <span class='ocrx_word' id='word_1_210' title='bbox 769 3250 824 3313; x_wconf 64' lang='grc' dir='ltr'><strong>δια]</strong></span> <span class='ocrx_word' id='word_1_211' title='bbox 843 3252 920 3309; x_wconf 68' lang='grc' dir='ltr'><strong>Ωιιιοῐ4</strong></span> <span class='ocrx_word' id='word_1_212' title='bbox 929 3253 999 3310; x_wconf 83' lang='lat' dir='ltr'><strong>dicut,</strong></span> <span class='ocrx_word' id='word_1_213' title='bbox 1017 3255 1076 3300; x_wconf 81' lang='lat' dir='ltr'><strong>Cum</strong></span> <span class='ocrx_word' id='word_1_214' title='bbox 1092 3253 1149 3301; x_wconf 77' lang='lat' dir='ltr'><strong>ulios</strong></span> <span class='ocrx_word' id='word_1_215' title='bbox 1167 3261 1234 3315; x_wconf 84' lang='lat' dir='ltr'><strong>turpe</strong></span> 
     </span>
     <span class='ocr_line' id='line_1_30' title="bbox 171 3313 1234 3378; baseline -0.002 -12"><span class='ocrx_word' id='word_1_216' title='bbox 171 3319 226 3366; x_wconf 78' lang='lat'><strong>394.</strong></span> <span class='ocrx_word' id='word_1_217' title='bbox 244 3315 366 3363; x_wconf 81' lang='lat' dir='ltr'><strong>Dominum</strong></span> <span class='ocrx_word' id='word_1_218' title='bbox 375 3316 463 3362; x_wconf 78' lang='lat' dir='ltr'><strong>meliore</strong></span> <span class='ocrx_word' id='word_1_219' title='bbox 483 3313 540 3376; x_wconf 74' lang='lat' dir='ltr'><strong>oia]</strong></span> <span class='ocrx_word' id='word_1_220' title='bbox 558 3315 675 3363; x_wconf 83' lang='lat' dir='ltr'><strong>Cressrem</strong></span> <span class='ocrx_word' id='word_1_221' title='bbox 700 3313 731 3360; x_wconf 91' lang='lat' dir='ltr'><strong>sit</strong></span> <span class='ocrx_word' id='word_1_222' title='bbox 739 3314 796 3362; x_wconf 81' lang='lat' dir='ltr'><strong>viris</strong></span> <span class='ocrx_word' id='word_1_223' title='bbox 804 3317 885 3378; x_wconf 76' lang='lat' dir='ltr'><strong>lugere</strong></span> <span class='ocrx_word' id='word_1_224' title='bbox 893 3318 1002 3364; x_wconf 79' lang='lat' dir='ltr'><strong>mulorum</strong></span> <span class='ocrx_word' id='word_1_225' title='bbox 1010 3325 1082 3372; x_wconf 89' lang='lat' dir='ltr'><strong>metu,</strong></span> <span class='ocrx_word' id='word_1_226' title='bbox 1090 3318 1157 3378; x_wconf 77' lang='lat' dir='ltr'><strong>quale</strong></span> <span class='ocrx_word' id='word_1_227' title='bbox 1168 3318 1234 3378; x_wconf 85' lang='lat' dir='ltr'><strong>quid·</strong></span> 
     </span>
     <span class='ocr_line' id='line_1_31' title="bbox 139 3378 1235 3442; baseline 0.005 -15"><span class='ocrx_word' id='word_1_228' title='bbox 139 3380 254 3428; x_wconf 80' lang='lat' dir='ltr'><strong>libertatis</strong></span> <span class='ocrx_word' id='word_1_229' title='bbox 274 3396 441 3442; x_wconf 79' lang='lat' dir='ltr'><strong>oppressorem.</strong></span> <span class='ocrx_word' id='word_1_230' title='bbox 477 3378 568 3428; x_wconf 70' lang='lat' dir='ltr'><strong>Prtmus</strong></span> <span class='ocrx_word' id='word_1_231' title='bbox 586 3394 675 3436; x_wconf 81' lang='lat' dir='ltr'><strong>crenus,</strong></span> <span class='ocrx_word' id='word_1_232' title='bbox 700 3378 752 3426; x_wconf 75' lang='lat' dir='ltr'><strong>darn</strong></span> <span class='ocrx_word' id='word_1_233' title='bbox 762 3387 817 3440; x_wconf 85' lang='lat' dir='ltr'><strong>post</strong></span> <span class='ocrx_word' id='word_1_234' title='bbox 831 3381 1102 3442; x_wconf 79' lang='lat' dir='ltr'><strong>pugmmPhursslicsm</strong></span> <span class='ocrx_word' id='word_1_235' title='bbox 1122 3382 1235 3432; x_wconf 81' lang='lat' dir='ltr'><strong>accidisse</strong></span> 
     </span>
     <span class='ocr_line' id='line_1_32' title="bbox 140 3442 1235 3509; baseline 0.003 -18"><span class='ocrx_word' id='word_1_236' title='bbox 140 3443 197 3509; x_wconf 64' lang='grc' dir='ltr'><strong>δια]</strong></span> <span class='ocrx_word' id='word_1_237' title='bbox 223 3446 317 3506; x_wconf 88' lang='lat' dir='ltr'><strong>Septem</strong></span> <span class='ocrx_word' id='word_1_238' title='bbox 335 3444 505 3492; x_wconf 84' lang='lat' dir='ltr'><strong>continentibus</strong></span> <span class='ocrx_word' id='word_1_239' title='bbox 527 3444 609 3491; x_wconf 84' lang='lat' dir='ltr'><strong>diebus</strong></span> <span class='ocrx_word' id='word_1_240' title='bbox 630 3445 675 3492; x_wconf 86' lang='lat' dir='ltr'><strong>iter</strong></span> <span class='ocrx_word' id='word_1_241' title='bbox 700 3442 776 3489; x_wconf 85' lang='lat' dir='ltr'><strong>videri</strong></span> <span class='ocrx_word' id='word_1_242' title='bbox 783 3452 874 3505; x_wconf 79' lang='lat' dir='ltr'><strong>potest:</strong></span> <span class='ocrx_word' id='word_1_243' title='bbox 891 3447 973 3506; x_wconf 81' lang='lat' dir='ltr'><strong>Libya,</strong></span> <span class='ocrx_word' id='word_1_244' title='bbox 983 3447 1036 3506; x_wconf 70' lang='lat' dir='ltr'><strong>quit</strong></span> <span class='ocrx_word' id='word_1_245' title='bbox 1044 3452 1080 3492; x_wconf 89' lang='lat' dir='ltr'><strong>tot</strong></span> <span class='ocrx_word' id='word_1_246' title='bbox 1087 3446 1153 3493; x_wconf 76' lang='lat' dir='ltr'><strong>mulis</strong></span> <span class='ocrx_word' id='word_1_247' title='bbox 1162 3448 1235 3494; x_wconf 83' lang='lat' dir='ltr'><strong>ubun-</strong></span> 
     </span>
     <span class='ocr_line' id='line_1_33' title="bbox 139 3507 1234 3571; baseline 0.003 -16"><span class='ocrx_word' id='word_1_248' title='bbox 139 3510 224 3557; x_wconf 79' lang='lat' dir='ltr'><strong>lectum</strong></span> <span class='ocrx_word' id='word_1_249' title='bbox 234 3517 277 3564; x_wconf 82' lang='lat' dir='ltr'><strong>ost,</strong></span> <span class='ocrx_word' id='word_1_250' title='bbox 288 3525 340 3557; x_wconf 88' lang='lat' dir='ltr'><strong>cum</strong></span> <span class='ocrx_word' id='word_1_251' title='bbox 356 3509 408 3570; x_wconf 87' lang='lat' dir='ltr'><strong>ipse</strong></span> <span class='ocrx_word' id='word_1_252' title='bbox 426 3523 506 3571; x_wconf 78' lang='lat' dir='ltr'><strong>agmen</strong></span> <span class='ocrx_word' id='word_1_253' title='bbox 521 3509 594 3568; x_wconf 88' lang='lat' dir='ltr'><strong>pedes</strong></span> <span class='ocrx_word' id='word_1_254' title='bbox 604 3509 680 3555; x_wconf 61' lang='lat' dir='ltr'><strong>duee-1</strong></span> <span class='ocrx_word' id='word_1_255' title='bbox 699 3507 747 3563; x_wconf 83' lang='lat' dir='ltr'><strong>dat,</strong></span> <span class='ocrx_word' id='word_1_256' title='bbox 758 3507 905 3569; x_wconf 74' lang='lat' dir='ltr'><strong>ignominiam</strong></span> <span class='ocrx_word' id='word_1_257' title='bbox 914 3517 938 3558; x_wconf 87' lang='lat' dir='ltr'><strong>et</strong></span> <span class='ocrx_word' id='word_1_258' title='bbox 947 3509 1112 3570; x_wconf 86' lang='lat' dir='ltr'><strong>turpitudinem</strong></span> <span class='ocrx_word' id='word_1_259' title='bbox 1119 3511 1178 3558; x_wconf 84' lang='lat' dir='ltr'><strong>bano</strong></span> <span class='ocrx_word' id='word_1_260' title='bbox 1189 3513 1234 3558; x_wconf 89' lang='lat' dir='ltr'><strong>tol·</strong></span> 
     </span>
     <span class='ocr_line' id='line_1_34' title="bbox 139 3569 1246 3637; baseline 0.004 -17"><span class='ocrx_word' id='word_1_261' title='bbox 139 3580 183 3631; x_wconf 90' lang='lat' dir='ltr'><strong>ret,</strong></span> <span class='ocrx_word' id='word_1_262' title='bbox 194 3591 268 3635; x_wconf 89' lang='lat' dir='ltr'><strong>neque</strong></span> <span class='ocrx_word' id='word_1_263' title='bbox 280 3589 378 3635; x_wconf 79' lang='lat' dir='ltr'><strong>unquam</strong></span> <span class='ocrx_word' id='word_1_264' title='bbox 395 3590 454 3635; x_wconf 87' lang='lat' dir='ltr'><strong>equo</strong></span> <span class='ocrx_word' id='word_1_265' title='bbox 465 3580 504 3619; x_wconf 82' lang='lat' dir='ltr'><strong>sut</strong></span> <span class='ocrx_word' id='word_1_266' title='bbox 511 3573 614 3632; x_wconf 86' lang='lat' dir='ltr'><strong>jumento</strong></span> <span class='ocrx_word' id='word_1_267' title='bbox 624 3581 675 3620; x_wconf 88' lang='lat' dir='ltr'><strong>ute-</strong></span> <span class='ocrx_word' id='word_1_268' title='bbox 699 3571 738 3618; x_wconf 91' lang='lat' dir='ltr'><strong>let.</strong></span> <span class='ocrx_word' id='word_1_269' title='bbox 756 3573 838 3634; x_wconf 86' lang='lat' dir='ltr'><strong>Neque</strong></span> <span class='ocrx_word' id='word_1_270' title='bbox 858 3573 919 3620; x_wconf 87' lang='lat' dir='ltr'><strong>euim</strong></span> <span class='ocrx_word' id='word_1_271' title='bbox 935 3574 1045 3621; x_wconf 74' lang='lat' dir='ltr'><strong>mulorum</strong></span> <span class='ocrx_word' id='word_1_272' title='bbox 1062 3581 1126 3622; x_wconf 88' lang='lat' dir='ltr'><strong>metu</strong></span> <span class='ocrx_word' id='word_1_273' title='bbox 1144 3569 1246 3637; x_wconf 68' lang='lat' dir='ltr'><strong>fugisse‘</strong></span> 
     </span>
     <span class='ocr_line' id='line_1_35' title="bbox 139 3635 1234 3698; baseline 0.004 -14"><span class='ocrx_word' id='word_1_274' title='bbox 139 3647 209 3686; x_wconf 92' lang='lat' dir='ltr'><strong>retur.</strong></span> <span class='ocrx_word' id='word_1_275' title='bbox 227 3639 338 3686; x_wconf 82' lang='lat' dir='ltr'><strong>Coenebat</strong></span> <span class='ocrx_word' id='word_1_276' title='bbox 354 3638 424 3685; x_wconf 87' lang='lat' dir='ltr'><strong>etiam</strong></span> <span class='ocrx_word' id='word_1_277' title='bbox 438 3638 535 3693; x_wconf 83' lang='lat' dir='ltr'><strong>sedens3</strong></span> <span class='ocrx_word' id='word_1_278' title='bbox 550 3653 602 3684; x_wconf 79' lang='lat' dir='ltr'><strong>narn</strong></span> <span class='ocrx_word' id='word_1_279' title='bbox 621 3645 675 3696; x_wconf 88' lang='lat' dir='ltr'><strong>post</strong></span> <span class='ocrx_word' id='word_1_280' title='bbox 698 3635 838 3693; x_wconf 85' lang='lat' dir='ltr'><strong>videbimur,</strong></span> <span class='ocrx_word' id='word_1_281' title='bbox 853 3653 923 3698; x_wconf 87' lang='lat' dir='ltr'><strong>quum</strong></span> <span class='ocrx_word' id='word_1_282' title='bbox 940 3639 1001 3685; x_wconf 89' lang='lat' dir='ltr'><strong>ultro</strong></span> <span class='ocrx_word' id='word_1_283' title='bbox 1018 3639 1129 3686; x_wconf 79' lang='lat' dir='ltr'><strong>mulorum</strong></span> <span class='ocrx_word' id='word_1_284' title='bbox 1144 3641 1234 3689; x_wconf 79' lang='lat' dir='ltr'><strong>turbem</strong></span> 
     </span>
     <span class='ocr_line' id='line_1_36' title="bbox 138 3701 1234 3764; baseline 0.002 -14"><span class='ocrx_word' id='word_1_285' title='bbox 138 3704 294 3751; x_wconf 78' lang='lat' dir='ltr'><strong>Pharsalicam</strong></span> <span class='ocrx_word' id='word_1_286' title='bbox 302 3704 399 3758; x_wconf 80' lang='lat' dir='ltr'><strong>cladem,</strong></span> <span class='ocrx_word' id='word_1_287' title='bbox 410 3701 484 3764; x_wconf 89' lang='lat' dir='ltr'><strong>priori</strong></span> <span class='ocrx_word' id='word_1_288' title='bbox 494 3701 519 3748; x_wconf 90' lang='lat' dir='ltr'><strong>id</strong></span> <span class='ocrx_word' id='word_1_289' title='bbox 528 3701 601 3747; x_wconf 90' lang='lat' dir='ltr'><strong>luctui</strong></span> <span class='ocrx_word' id='word_1_290' title='bbox 610 3702 674 3748; x_wconf 85' lang='lat' dir='ltr'><strong>uddi-</strong></span> <span class='ocrx_word' id='word_1_291' title='bbox 699 3707 812 3761; x_wconf 74' lang='lat' dir='ltr'><strong>petemus,</strong></span> <span class='ocrx_word' id='word_1_292' title='bbox 824 3717 919 3764; x_wconf 82' lang='lat' dir='ltr'><strong>eumque</strong></span> <span class='ocrx_word' id='word_1_293' title='bbox 929 3709 1013 3750; x_wconf 82' lang='lat' dir='ltr'><strong>terram</strong></span> <span class='ocrx_word' id='word_1_294' title='bbox 1027 3714 1184 3764; x_wconf 73' lang='lat' dir='ltr'><strong>pemgremus,</strong></span> <span class='ocrx_word' id='word_1_295' title='bbox 1192 3721 1234 3754; x_wconf 87' lang='lat' dir='ltr'><strong>un-</strong></span> 
     </span>
     <span class='ocr_line' id='line_1_37' title="bbox 139 3765 1232 3830; baseline 0.002 -15"><span class='ocrx_word' id='word_1_296' title='bbox 139 3769 212 3826; x_wconf 85' lang='lat' dir='ltr'><strong>derst,</strong></span> <span class='ocrx_word' id='word_1_297' title='bbox 224 3776 250 3815; x_wconf 89' lang='lat' dir='ltr'><strong>ut</strong></span> <span class='ocrx_word' id='word_1_298' title='bbox 269 3783 383 3828; x_wconf 75' lang='lat' dir='ltr'><strong>nunquam</strong></span> <span class='ocrx_word' id='word_1_299' title='bbox 400 3767 445 3814; x_wconf 86' lang='lat' dir='ltr'><strong>nisi</strong></span> <span class='ocrx_word' id='word_1_300' title='bbox 462 3765 592 3812; x_wconf 86' lang='lat' dir='ltr'><strong>dormiendi</strong></span> <span class='ocrx_word' id='word_1_301' title='bbox 606 3781 675 3813; x_wconf 76' lang='lat' dir='ltr'><strong>censs</strong></span> <span class='ocrx_word' id='word_1_302' title='bbox 700 3765 729 3810; x_wconf 88' lang='lat' dir='ltr'><strong>de</strong></span> <span class='ocrx_word' id='word_1_303' title='bbox 739 3765 892 3825; x_wconf 88' lang='lat' dir='ltr'><strong>periculorum</strong></span> <span class='ocrx_word' id='word_1_304' title='bbox 901 3767 954 3828; x_wconf 89' lang='lat' dir='ltr'><strong>plus</strong></span> <span class='ocrx_word' id='word_1_305' title='bbox 963 3768 1109 3815; x_wconf 86' lang='lat' dir='ltr'><strong>metuendum</strong></span> <span class='ocrx_word' id='word_1_306' title='bbox 1118 3769 1155 3824; x_wconf 84' lang='lat' dir='ltr'><strong>sit,</strong></span> <span class='ocrx_word' id='word_1_307' title='bbox 1165 3785 1232 3830; x_wconf 80' lang='lat' dir='ltr'><strong>quum</strong></span> 
     </span>
     <span class='ocr_line' id='line_1_38' title="bbox 139 3828 1235 3894; baseline 0.004 -16"><span class='ocrx_word' id='word_1_308' title='bbox 139 3834 291 3880; x_wconf 84' lang='lat' dir='ltr'><strong>accumberet.</strong></span> <span class='ocrx_word' id='word_1_309' title='bbox 325 3832 441 3878; x_wconf 75' lang='lat' dir='ltr'><strong>Plutarch.</strong></span> <span class='ocrx_word' id='word_1_310' title='bbox 465 3831 489 3877; x_wconf 89' lang='lat' dir='ltr'><strong>in</strong></span> <span class='ocrx_word' id='word_1_311' title='bbox 508 3832 595 3877; x_wconf 80' lang='lat' dir='ltr'><strong>Catone</strong></span> <span class='ocrx_word' id='word_1_312' title='bbox 615 3831 672 3876; x_wconf 87' lang='lat' dir='ltr'><strong>Min.</strong></span> <span class='ocrx_word' id='word_1_313' title='bbox 700 3828 721 3874; x_wconf 90' lang='lat' dir='ltr'><strong>si</strong></span> <span class='ocrx_word' id='word_1_314' title='bbox 731 3830 793 3877; x_wconf 88' lang='lat' dir='ltr'><strong>hosti</strong></span> <span class='ocrx_word' id='word_1_315' title='bbox 802 3831 995 3880; x_wconf 81' lang='lat' dir='ltr'><strong>obvismiremus.</strong></span> <span class='ocrx_word' id='word_1_316' title='bbox 1013 3833 1127 3894; x_wconf 74' lang='lat' dir='ltr'><strong>Iaoquitnr</strong></span> <span class='ocrx_word' id='word_1_317' title='bbox 1135 3840 1162 3881; x_wconf 87' lang='lat' dir='ltr'><strong>ut</strong></span> <span class='ocrx_word' id='word_1_318' title='bbox 1172 3836 1235 3882; x_wconf 88' lang='lat' dir='ltr'><strong>Stoi-</strong></span> 
     </span>
     <span class='ocr_line' id='line_1_39' title="bbox 138 3895 1233 3955; baseline 0.003 -11"><span class='ocrx_word' id='word_1_319' title='bbox 138 3899 222 3944; x_wconf 80' lang='lat' dir='ltr'><strong>Strabo</strong></span> <span class='ocrx_word' id='word_1_320' title='bbox 233 3896 320 3944; x_wconf 88' lang='lat' dir='ltr'><strong>veroin</strong></span> <span class='ocrx_word' id='word_1_321' title='bbox 332 3897 373 3944; x_wconf 89' lang='lat' dir='ltr'><strong>ult.</strong></span> <span class='ocrx_word' id='word_1_322' title='bbox 383 3897 424 3942; x_wconf 92' lang='lat' dir='ltr'><strong>lib.</strong></span> <span class='ocrx_word' id='word_1_323' title='bbox 436 3897 505 3943; x_wconf 84' lang='lat' dir='ltr'><strong>refert</strong></span> <span class='ocrx_word' id='word_1_324' title='bbox 515 3911 567 3941; x_wconf 89' lang='lat' dir='ltr'><strong>eum</strong></span> <span class='ocrx_word' id='word_1_325' title='bbox 575 3897 615 3942; x_wconf 85' lang='grc'><strong>30.</strong></span> <span class='ocrx_word' id='word_1_326' title='bbox 625 3895 675 3942; x_wconf 88' lang='lat' dir='ltr'><strong>die·</strong></span> <span class='ocrx_word' id='word_1_327' title='bbox 699 3909 756 3952; x_wconf 87' lang='lat' dir='ltr'><strong>cus;</strong></span> <span class='ocrx_word' id='word_1_328' title='bbox 772 3895 857 3942; x_wconf 88' lang='lat' dir='ltr'><strong>docent</strong></span> <span class='ocrx_word' id='word_1_329' title='bbox 868 3895 929 3943; x_wconf 89' lang='lat' dir='ltr'><strong>enim</strong></span> <span class='ocrx_word' id='word_1_330' title='bbox 940 3896 1013 3943; x_wconf 87' lang='lat' dir='ltr'><strong>Stoici</strong></span> <span class='ocrx_word' id='word_1_331' title='bbox 1020 3895 1131 3955; x_wconf 69' lang='grc' dir='ltr'><strong>ἀπάθειαν,</strong></span> <span class='ocrx_word' id='word_1_332' title='bbox 1142 3899 1233 3948; x_wconf 83' lang='lat' dir='ltr'><strong>volunt·</strong></span> 
     </span>
     <span class='ocr_line' id='line_1_40' title="bbox 139 3959 1236 4026; baseline 0.003 -17"><span class='ocrx_word' id='word_1_333' title='bbox 139 3966 182 4010; x_wconf 79' lang='lat' dir='ltr'><strong>bue</strong></span> <span class='ocrx_word' id='word_1_334' title='bbox 196 3961 284 4022; x_wconf 87' lang='lat' dir='ltr'><strong>Syrtim</strong></span> <span class='ocrx_word' id='word_1_335' title='bbox 295 3962 413 4008; x_wconf 77' lang='lat' dir='ltr'><strong>lustrasse.</strong></span> <span class='ocrx_word' id='word_1_336' title='bbox 699 3973 744 4019; x_wconf 84' lang='lat' dir='ltr'><strong>que</strong></span> <span class='ocrx_word' id='word_1_337' title='bbox 752 3973 766 4003; x_wconf 81' lang='lat' dir='ltr'><strong>s</strong></span> <span class='ocrx_word' id='word_1_338' title='bbox 774 3959 884 4020; x_wconf 78' lang='lat' dir='ltr'><strong>sapiente,</strong></span> <span class='ocrx_word' id='word_1_339' title='bbox 896 3976 985 4008; x_wconf 87' lang='lat' dir='ltr'><strong>omnem</strong></span> <span class='ocrx_word' id='word_1_340' title='bbox 999 3968 1084 4010; x_wconf 84' lang='lat' dir='ltr'><strong>motum</strong></span> <span class='ocrx_word' id='word_1_341' title='bbox 1100 3978 1128 4009; x_wconf 76' lang='lat' dir='ltr'><strong>so</strong></span> <span class='ocrx_word' id='word_1_342' title='bbox 1145 3971 1236 4026; x_wconf 86' lang='lat' dir='ltr'><strong>pertur-</strong></span> 
     </span>
     <span class='ocr_line' id='line_1_41' title="bbox 172 4022 1140 4088; baseline 0 -14"><span class='ocrx_word' id='word_1_343' title='bbox 172 4029 228 4077; x_wconf 86' lang='grc'><strong>396.</strong></span> <span class='ocrx_word' id='word_1_344' title='bbox 247 4025 358 4072; x_wconf 79' lang='lat' dir='ltr'><strong>Merctor</strong></span> <span class='ocrx_word' id='word_1_345' title='bbox 368 4024 494 4087; x_wconf 71' lang='lat' dir='ltr'><strong>ethereus]</strong></span> <span class='ocrx_word' id='word_1_346' title='bbox 513 4023 623 4085; x_wconf 77' lang='lat' dir='ltr'><strong>Rigidum</strong></span> <span class='ocrx_word' id='word_1_347' title='bbox 631 4026 674 4071; x_wconf 80' lang='lat' dir='ltr'><strong>Os·</strong></span> <span class='ocrx_word' id='word_1_348' title='bbox 699 4022 814 4072; x_wconf 84' lang='lat' dir='ltr'><strong>batioueru</strong></span> <span class='ocrx_word' id='word_1_349' title='bbox 825 4025 906 4072; x_wconf 80' lang='lat' dir='ltr'><strong>abesse</strong></span> <span class='ocrx_word' id='word_1_350' title='bbox 915 4026 1008 4073; x_wconf 84' lang='lat' dir='ltr'><strong>debere.</strong></span> <span class='ocrx_word' id='word_1_351' title='bbox 1025 4025 1140 4088; x_wconf 79' lang='lat' dir='ltr'><strong>Micyllus.</strong></span> 
     </span>
     <span class='ocr_line' id='line_1_42' title="bbox 91 4087 1234 4154; baseline 0.001 -15"><span class='ocrx_word' id='word_1_352' title='bbox 91 4097 94 4100; x_wconf 75' lang='grc'>’</span> <span class='ocrx_word' id='word_1_353' title='bbox 139 4102 215 4140; x_wconf 86' lang='lat' dir='ltr'><strong>torrem</strong></span> <span class='ocrx_word' id='word_1_354' title='bbox 226 4090 328 4137; x_wconf 79' lang='lat' dir='ltr'><strong>delineat</strong></span> <span class='ocrx_word' id='word_1_355' title='bbox 337 4091 431 4144; x_wconf 86' lang='lat' dir='ltr'><strong>diserto,</strong></span> <span class='ocrx_word' id='word_1_356' title='bbox 442 4089 496 4134; x_wconf 89' lang='lat' dir='ltr'><strong>dum</strong></span> <span class='ocrx_word' id='word_1_357' title='bbox 505 4104 530 4134; x_wconf 89' lang='lat' dir='ltr'><strong>se</strong></span> <span class='ocrx_word' id='word_1_358' title='bbox 542 4089 624 4134; x_wconf 88' lang='lat' dir='ltr'><strong>ducem</strong></span> <span class='ocrx_word' id='word_1_359' title='bbox 644 4089 672 4134; x_wconf 84' lang='lat' dir='ltr'><strong>sd</strong></span> <span class='ocrx_word' id='word_1_360' title='bbox 731 4090 787 4135; x_wconf 82' lang='lat'><strong>408.</strong></span> <span class='ocrx_word' id='word_1_361' title='bbox 805 4087 983 4152; x_wconf 82' lang='lat' dir='ltr'><strong>Irreducemque,</strong></span> <span class='ocrx_word' id='word_1_362' title='bbox 992 4089 1049 4152; x_wconf 65' lang='grc' dir='ltr'><strong>δια]</strong></span> <span class='ocrx_word' id='word_1_363' title='bbox 1058 4093 1104 4139; x_wconf 89' lang='lat' dir='ltr'><strong>Per</strong></span> <span class='ocrx_word' id='word_1_364' title='bbox 1112 4108 1180 4154; x_wconf 84' lang='lat' dir='ltr'><strong>quum</strong></span> <span class='ocrx_word' id='word_1_365' title='bbox 1187 4109 1234 4140; x_wconf 87' lang='lat' dir='ltr'><strong>nou</strong></span> 
     </span>
     <span class='ocr_line' id='line_1_43' title="bbox 140 4151 1193 4280; baseline -0.002 -77"><span class='ocrx_word' id='word_1_366' title='bbox 140 4157 240 4271; x_wconf 54' lang='lat' dir='ltr'><strong>ompgqm</strong></span> <span class='ocrx_word' id='word_1_367' title='bbox 244 4155 405 4280; x_wconf 58' lang='lat' dir='ltr'><strong>Eretrlrcrlssorlm</strong></span> <span class='ocrx_word' id='word_1_368' title='bbox 395 4152 559 4265; x_wconf 76' lang='lat' dir='ltr'><strong>Mtolerantium</strong></span> <span class='ocrx_word' id='word_1_369' title='bbox 570 4152 644 4199; x_wconf 85' lang='lat' dir='ltr'><strong>offert.</strong></span> <span class='ocrx_word' id='word_1_370' title='bbox 698 4151 901 4266; x_wconf 47' lang='grc' dir='ltr'><strong>οῐίἑόἑᾱοέιειὼω.</strong></span> <span class='ocrx_word' id='word_1_371' title='bbox 1050 4216 1072 4264; x_wconf 60' lang='grc' dir='ltr'>ἃ</span> <span class='ocrx_word' id='word_1_372' title='bbox 1094 4195 1155 4280; x_wconf 58' lang='lat' dir='ltr'><strong>pm</strong></span> <span class='ocrx_word' id='word_1_373' title='bbox 1174 4221 1193 4267; x_wconf 72' lang='lat' dir='ltr'><strong>c</strong></span> 
     </span>
     <span class='ocr_line' id='line_1_44' title="bbox 106 4221 1233 4275; baseline 0.003 -10"><span class='ocrx_word' id='word_1_374' title='bbox 106 4224 109 4232; x_wconf 90' lang='grc'><strong>“</strong></span> <span class='ocrx_word' id='word_1_375' title='bbox 222 4221 442 4266; x_wconf 81' lang='lat' dir='ltr'><strong>.&#39;.em.e.</strong></span> <span class='ocrx_word' id='word_1_376' title='bbox 781 4233 943 4267; x_wconf 78' lang='lat' dir='ltr'><strong>.sucrum</strong></span> <span class='ocrx_word' id='word_1_377' title='bbox 1026 4235 1093 4275; x_wconf 90' lang='lat' dir='ltr'><strong>,c.</strong></span> <span class='ocrx_word' id='word_1_378' title='bbox 1194 4228 1233 4268; x_wconf 82' lang='lat' dir='ltr'><strong>sto</strong></span> 
     </span>
     <span class='ocr_line' id='line_1_45' title="bbox 172 4233 1233 4347; baseline 0 -14"><span class='ocrx_word' id='word_1_379' title='bbox 172 4289 228 4334; x_wconf 78' lang='lat'><strong>404.</strong></span> <span class='ocrx_word' id='word_1_380' title='bbox 246 4283 388 4347; x_wconf 68' lang='lat' dir='ltr'><strong>Latiarem]</strong></span> <span class='ocrx_word' id='word_1_381' title='bbox 401 4281 481 4331; x_wconf 90' lang='lat' dir='ltr'><strong>Omnis</strong></span> <span class='ocrx_word' id='word_1_382' title='bbox 489 4281 565 4328; x_wconf 84' lang='lat' dir='ltr'><strong>virtus</strong></span> <span class='ocrx_word' id='word_1_383' title='bbox 574 4297 619 4340; x_wconf 90' lang='lat' dir='ltr'><strong>quo</strong></span> <span class='ocrx_word' id='word_1_384' title='bbox 627 4279 672 4328; x_wconf 90' lang='lat' dir='ltr'><strong>cir·</strong></span> <span class='ocrx_word' id='word_1_385' title='bbox 698 4296 792 4328; x_wconf 85' lang='lat' dir='ltr'><strong>securus</strong></span> <span class='ocrx_word' id='word_1_386' title='bbox 802 4283 852 4340; x_wconf 75' lang='lat' dir='ltr'><strong>tari,</strong></span> <span class='ocrx_word' id='word_1_387' title='bbox 860 4282 922 4343; x_wconf 87' lang='lat' dir='ltr'><strong>quod</strong></span> <span class='ocrx_word' id='word_1_388' title='bbox 931 4233 1032 4336; x_wconf 54' lang='lat' dir='ltr'><strong>eum</strong></span> <span class='ocrx_word' id='word_1_389' title='bbox 1042 4285 1157 4343; x_wconf 75' lang='lat' dir='ltr'><strong>manebat,</strong></span> <span class='ocrx_word' id='word_1_390' title='bbox 1170 4282 1233 4333; x_wconf 80' lang='lat' dir='ltr'><strong>luve-</strong></span> 
     </span>
     <span class='ocr_line' id='line_1_46' title="bbox 140 4345 1127 4410; baseline 0.001 -13"><span class='ocrx_word' id='word_1_391' title='bbox 140 4367 168 4397; x_wconf 86' lang='lat' dir='ltr'><strong>os</strong></span> <span class='ocrx_word' id='word_1_392' title='bbox 178 4348 307 4398; x_wconf 79' lang='lat' dir='ltr'><strong>difficiliore</strong></span> <span class='ocrx_word' id='word_1_393' title='bbox 320 4352 426 4398; x_wconf 69' lang='lat' dir='ltr'><strong>versetur</strong></span> <span class='ocrx_word' id='word_1_394' title='bbox 442 4364 471 4394; x_wconf 89' lang='lat' dir='ltr'><strong>eo</strong></span> <span class='ocrx_word' id='word_1_395' title='bbox 481 4345 618 4394; x_wconf 70' lang='lat' dir='ltr'><strong>laudabilior</strong></span> <span class='ocrx_word' id='word_1_396' title='bbox 636 4357 673 4393; x_wconf 89' lang='lat' dir='ltr'><strong>est</strong></span> <span class='ocrx_word' id='word_1_397' title='bbox 698 4345 1001 4410; x_wconf 79' lang='lat' dir='ltr'><strong>sitlibysmsibitstulem.</strong></span> <span class='ocrx_word' id='word_1_398' title='bbox 1049 4397 1051 4400; x_wconf 66' lang='grc'>,</span> <span class='ocrx_word' id='word_1_399' title='bbox 1125 4395 1127 4398; x_wconf 85' lang='grc'><em>,</em></span> 
     </span>
    </p>
   </div>
   <div class='ocr_carea' id='block_1_6' title="bbox 605 4411 671 4475">
    <p class='ocr_par' dir='ltr' id='par_1_18' title="bbox 605 4411 671 4475">
     <span class='ocr_line' id='line_1_47' title="bbox 605 4411 671 4475; baseline -0.015 0"><span class='ocrx_word' id='word_1_400' title='bbox 605 4411 671 4475; x_wconf 79' lang='lat' dir='ltr'><strong>an</strong></span> 
     </span>
    </p>
   </div>
   <div class='ocr_carea' id='block_1_7' title="bbox 0 0 1396 4860">
    <p class='ocr_par' dir='ltr' id='par_1_19' title="bbox 0 0 1396 4860">
     <span class='ocr_line' id='line_1_48' title="bbox 0 0 1396 4860; baseline 0 0"><span class='ocrx_word' id='word_1_401' title='bbox 0 0 1396 4860; x_wconf 95' lang='lat' dir='ltr'><strong> </strong></span> 
     </span>
    </p>
   </div>
  </div>
 </body>
</html>
