<?xml version="1.0" encoding="UTF-8"?>
<!DOCTYPE html PUBLIC "-//W3C//DTD XHTML 1.0 Transitional//EN"
    "http://www.w3.org/TR/xhtml1/DTD/xhtml1-transitional.dtd">
<html xmlns="http://www.w3.org/1999/xhtml" xml:lang="en" lang="en">
 <head>
  <title>
</title>
<meta http-equiv="Content-Type" content="text/html;charset=utf-8" />
  <meta name='ocr-system' content='tesseract 3.04.00' />
  <meta name='ocr-capabilities' content='ocr_page ocr_carea ocr_par ocr_line ocrx_word'/>
</head>
<body>
  <div class='ocr_page' id='page_1' title='image "./mannaeuslucanus00grotgoog/mannaeuslucanus00grotgoog_0352.png"; bbox 0 0 2784 4860; ppageno 0'>
   <div class='ocr_carea' id='block_1_1' title="bbox 339 348 1256 469">
    <p class='ocr_par' dir='ltr' id='par_1_1' title="bbox 339 348 1256 469">
     <span class='ocr_line' id='line_1_1' title="bbox 339 348 1256 469; baseline 0.008 -42"><span class='ocrx_word' id='word_1_1' title='bbox 339 356 563 428; x_wconf 86' lang='lat' dir='ltr'>CIVILIS</span> <span class='ocrx_word' id='word_1_2' title='bbox 606 354 783 427; x_wconf 76' lang='lat' dir='ltr'><strong>BELLI</strong></span> <span class='ocrx_word' id='word_1_3' title='bbox 826 349 939 428; x_wconf 85' lang='lat' dir='ltr'>LIB.</span> <span class='ocrx_word' id='word_1_4' title='bbox 974 348 1060 430; x_wconf 73' lang='lat' dir='ltr'>Vn.</span> <span class='ocrx_word' id='word_1_5' title='bbox 1129 464 1132 469; x_wconf 20' lang='grc' dir='ltr'>Ι</span> <span class='ocrx_word' id='word_1_6' title='bbox 1188 364 1256 434; x_wconf 64' lang='lat' dir='ltr'><strong>M</strong></span> 
     </span>
    </p>
   </div>
   <div class='ocr_carea' id='block_1_2' title="bbox 135 532 1259 2504">
    <p class='ocr_par' dir='ltr' id='par_1_2' title="bbox 149 532 1255 840">
     <span class='ocr_line' id='line_1_2' title="bbox 150 532 1042 618; baseline -0.001 -18"><span class='ocrx_word' id='word_1_7' title='bbox 150 533 405 618; x_wconf 88' lang='lat' dir='ltr'>Nequiequam.</span> <span class='ocrx_word' id='word_1_8' title='bbox 422 532 554 610; x_wconf 83' lang='lat' dir='ltr'>infelix,</span> <span class='ocrx_word' id='word_1_9' title='bbox 576 550 697 598; x_wconf 80' lang='lat' dir='ltr'>socero</span> <span class='ocrx_word' id='word_1_10' title='bbox 721 537 879 618; x_wconf 84' lang='lat' dir='ltr'>spectare</span> <span class='ocrx_word' id='word_1_11' title='bbox 893 534 1042 600; x_wconf 74' lang='lat' dir='ltr'>volenti¹</span> 
     </span>
     <span class='ocr_line' id='line_1_3' title="bbox 149 644 1255 735; baseline 0.006 -25"><span class='ocrx_word' id='word_1_12' title='bbox 149 645 388 710; x_wconf 85' lang='lat' dir='ltr'>Praestandum</span> <span class='ocrx_word' id='word_1_13' title='bbox 395 644 650 728; x_wconf 89' lang='lat' dir='ltr'>estubiounque</span> <span class='ocrx_word' id='word_1_14' title='bbox 658 653 773 730; x_wconf 88' lang='lat' dir='ltr'>eaput.</span> <span class='ocrx_word' id='word_1_15' title='bbox 782 644 1033 732; x_wconf 86' lang='lat' dir='ltr'>sedtnquoque</span> <span class='ocrx_word' id='word_1_16' title='bbox 1041 647 1170 735; x_wconf 78' lang='lat' dir='ltr'>conjux</span> <span class='ocrx_word' id='word_1_17' title='bbox 1186 648 1255 718; x_wconf 85' lang='grc'>076</span> 
     </span>
     <span class='ocr_line' id='line_1_4' title="bbox 149 754 1037 840; baseline 0.002 -19"><span class='ocrx_word' id='word_1_18' title='bbox 149 755 267 821; x_wconf 83' lang='lat' dir='ltr'><strong>Causa</strong></span> <span class='ocrx_word' id='word_1_19' title='bbox 281 757 383 838; x_wconf 87' lang='lat' dir='ltr'>fugae,</span> <span class='ocrx_word' id='word_1_20' title='bbox 399 756 582 838; x_wconf 86' lang='lat' dir='ltr'>vultusque</span> <span class='ocrx_word' id='word_1_21' title='bbox 597 755 668 820; x_wconf 90' lang='lat' dir='ltr'>tui:</span> <span class='ocrx_word' id='word_1_22' title='bbox 691 756 839 840; x_wconf 83' lang='lat' dir='ltr'>satisque</span> <span class='ocrx_word' id='word_1_23' title='bbox 854 754 1037 840; x_wconf 89' lang='lat' dir='ltr'>probatum</span> 
     </span>
    </p>

    <p class='ocr_par' dir='ltr' id='par_1_3' title="bbox 147 865 1099 950">
     <span class='ocr_line' id='line_1_5' title="bbox 147 865 1099 950; baseline 0.003 -19"><span class='ocrx_word' id='word_1_24' title='bbox 147 866 200 931; x_wconf 83' lang='lat' dir='ltr'>Te</span> <span class='ocrx_word' id='word_1_25' title='bbox 215 873 384 950; x_wconf 87' lang='lat' dir='ltr'>praesente</span> <span class='ocrx_word' id='word_1_26' title='bbox 398 867 496 930; x_wconf 92' lang='lat' dir='ltr'>mori.</span> <span class='ocrx_word' id='word_1_27' title='bbox 522 865 619 930; x_wconf 81' lang='lat' dir='ltr'>Tune</span> <span class='ocrx_word' id='word_1_28' title='bbox 637 865 802 949; x_wconf 84' lang='lat' dir='ltr'>Magnum</span> <span class='ocrx_word' id='word_1_29' title='bbox 816 868 976 934; x_wconf 80' lang='lat' dir='ltr'>concitus</span> <span class='ocrx_word' id='word_1_30' title='bbox 988 868 1099 935; x_wconf 77' lang='lat' dir='ltr'><strong>aufert</strong></span> 
     </span>
    </p>

    <p class='ocr_par' dir='ltr' id='par_1_4' title="bbox 147 976 949 1062">
     <span class='ocr_line' id='line_1_6' title="bbox 147 976 949 1062; baseline 0.001 -21"><span class='ocrx_word' id='word_1_31' title='bbox 147 976 274 1042; x_wconf 88' lang='lat' dir='ltr'>Abello</span> <span class='ocrx_word' id='word_1_32' title='bbox 290 978 442 1061; x_wconf 87' lang='lat' dir='ltr'>sonipes,</span> <span class='ocrx_word' id='word_1_33' title='bbox 456 995 527 1041; x_wconf 87' lang='lat' dir='ltr'>non</span> <span class='ocrx_word' id='word_1_34' title='bbox 541 982 635 1059; x_wconf 87' lang='lat' dir='ltr'>tergo</span> <span class='ocrx_word' id='word_1_35' title='bbox 650 977 720 1044; x_wconf 89' lang='lat' dir='ltr'>tela</span> <span class='ocrx_word' id='word_1_36' title='bbox 733 983 927 1062; x_wconf 87' lang='lat' dir='ltr'>paventem,</span> <span class='ocrx_word' id='word_1_37' title='bbox 945 992 949 1001; x_wconf 82' lang='grc'><em>“</em></span> 
     </span>
    </p>

    <p class='ocr_par' dir='ltr' id='par_1_5' title="bbox 148 1088 1034 1171">
     <span class='ocr_line' id='line_1_7' title="bbox 148 1088 1034 1171; baseline 0.001 -18"><span class='ocrx_word' id='word_1_38' title='bbox 148 1088 389 1171; x_wconf 88' lang='lat' dir='ltr'>Ingenteisque</span> <span class='ocrx_word' id='word_1_39' title='bbox 406 1089 539 1152; x_wconf 82' lang='lat' dir='ltr'>animus</span> <span class='ocrx_word' id='word_1_40' title='bbox 554 1093 707 1152; x_wconf 83' lang='lat' dir='ltr'>extrema</span> <span class='ocrx_word' id='word_1_41' title='bbox 721 1090 758 1152; x_wconf 93' lang='lat' dir='ltr'>in</span> <span class='ocrx_word' id='word_1_42' title='bbox 774 1090 846 1153; x_wconf 86' lang='lat' dir='ltr'>fata</span> <span class='ocrx_word' id='word_1_43' title='bbox 861 1090 1034 1154; x_wconf 83' lang='lat' dir='ltr'>serentem.</span> 
     </span>
    </p>

    <p class='ocr_par' dir='ltr' id='par_1_6' title="bbox 145 1197 1252 1506">
     <span class='ocr_line' id='line_1_8' title="bbox 148 1197 1252 1283; baseline 0.004 -20"><span class='ocrx_word' id='word_1_44' title='bbox 148 1197 231 1263; x_wconf 90' lang='lat' dir='ltr'>Non</span> <span class='ocrx_word' id='word_1_45' title='bbox 246 1200 401 1282; x_wconf 84' lang='lat' dir='ltr'>gemitus,</span> <span class='ocrx_word' id='word_1_46' title='bbox 416 1218 487 1262; x_wconf 90' lang='lat' dir='ltr'>non</span> <span class='ocrx_word' id='word_1_47' title='bbox 503 1199 603 1262; x_wconf 84' lang='lat' dir='ltr'>fletus</span> <span class='ocrx_word' id='word_1_48' title='bbox 625 1204 708 1276; x_wconf 89' lang='lat' dir='ltr'>erat,</span> <span class='ocrx_word' id='word_1_49' title='bbox 725 1199 890 1283; x_wconf 82' lang='lat' dir='ltr'>salvaque</span> <span class='ocrx_word' id='word_1_50' title='bbox 906 1201 1075 1267; x_wconf 84' lang='lat' dir='ltr'>verendus</span> <span class='ocrx_word' id='word_1_51' title='bbox 1184 1199 1252 1266; x_wconf 80' lang='grc'>600</span> 
     </span>
     <span class='ocr_line' id='line_1_9' title="bbox 146 1307 1100 1395; baseline 0.001 -20"><span class='ocrx_word' id='word_1_52' title='bbox 146 1309 331 1395; x_wconf 88' lang='lat' dir='ltr'>Majestate</span> <span class='ocrx_word' id='word_1_53' title='bbox 347 1310 455 1386; x_wconf 90' lang='lat' dir='ltr'>dolor,</span> <span class='ocrx_word' id='word_1_54' title='bbox 471 1309 667 1391; x_wconf 82' lang='lat' dir='ltr'>qualem-te,</span> <span class='ocrx_word' id='word_1_55' title='bbox 691 1307 830 1390; x_wconf 89' lang='lat' dir='ltr'>Magne,</span> <span class='ocrx_word' id='word_1_56' title='bbox 846 1311 993 1376; x_wconf 83' lang='lat' dir='ltr'>decebat</span> <span class='ocrx_word' id='word_1_57' title='bbox 1076 1350 1078 1355; x_wconf 68' lang='lat'>,</span> <span class='ocrx_word' id='word_1_58' title='bbox 1094 1356 1100 1375; x_wconf 86' lang='lat'>.</span> 
     </span>
     <span class='ocr_line' id='line_1_10' title="bbox 145 1419 970 1506; baseline -0.001 -19"><span class='ocrx_word' id='word_1_59' title='bbox 145 1421 314 1488; x_wconf 89' lang='lat' dir='ltr'>Romanis</span> <span class='ocrx_word' id='word_1_60' title='bbox 329 1427 493 1506; x_wconf 88' lang='lat' dir='ltr'>praestare</span> <span class='ocrx_word' id='word_1_61' title='bbox 514 1421 626 1485; x_wconf 88' lang='lat' dir='ltr'>malis.</span> <span class='ocrx_word' id='word_1_62' title='bbox 642 1439 712 1485; x_wconf 91' lang='lat' dir='ltr'>non</span> <span class='ocrx_word' id='word_1_63' title='bbox 726 1419 857 1503; x_wconf 90' lang='lat' dir='ltr'>impare</span> <span class='ocrx_word' id='word_1_64' title='bbox 871 1419 970 1486; x_wconf 82' lang='lat' dir='ltr'>vultu</span> 
     </span>
    </p>

    <p class='ocr_par' dir='ltr' id='par_1_7' title="bbox 144 1531 990 1617">
     <span class='ocr_line' id='line_1_11' title="bbox 144 1531 990 1617; baseline -0.001 -19"><span class='ocrx_word' id='word_1_65' title='bbox 144 1533 288 1617; x_wconf 88' lang='lat' dir='ltr'>Aspicis</span> <span class='ocrx_word' id='word_1_66' title='bbox 304 1533 516 1596; x_wconf 83' lang='lat' dir='ltr'>Emathiam:</span> <span class='ocrx_word' id='word_1_67' title='bbox 539 1537 651 1607; x_wconf 88' lang='lat' dir='ltr'>necte</span> <span class='ocrx_word' id='word_1_68' title='bbox 665 1531 783 1596; x_wconf 84' lang='lat' dir='ltr'>videre</span> <span class='ocrx_word' id='word_1_69' title='bbox 804 1532 990 1615; x_wconf 88' lang='lat' dir='ltr'>superbum</span> 
     </span>
    </p>

    <p class='ocr_par' dir='ltr' id='par_1_8' title="bbox 143 1642 1259 2060">
     <span class='ocr_line' id='line_1_12' title="bbox 144 1642 1201 1729; baseline 0.002 -21"><span class='ocrx_word' id='word_1_70' title='bbox 144 1643 319 1729; x_wconf 91' lang='lat' dir='ltr'>Prospera</span> <span class='ocrx_word' id='word_1_71' title='bbox 332 1644 509 1720; x_wconf 91' lang='lat' dir='ltr'>bellorum,</span> <span class='ocrx_word' id='word_1_72' title='bbox 531 1663 595 1707; x_wconf 90' lang='lat' dir='ltr'>nec</span> <span class='ocrx_word' id='word_1_73' title='bbox 608 1642 754 1708; x_wconf 86' lang='lat' dir='ltr'>fractum</span> <span class='ocrx_word' id='word_1_74' title='bbox 775 1642 922 1708; x_wconf 87' lang='lat' dir='ltr'>adversa</span> <span class='ocrx_word' id='word_1_75' title='bbox 934 1643 1109 1710; x_wconf 81' lang='lat' dir='ltr'>videbunt.</span> <span class='ocrx_word' id='word_1_76' title='bbox 1198 1683 1201 1688; x_wconf 93' lang='lat'>·</span> 
     </span>
     <span class='ocr_line' id='line_1_13' title="bbox 146 1734 1250 1838; baseline 0.003 -19"><span class='ocrx_word' id='word_1_77' title='bbox 146 1734 330 1838; x_wconf 87' lang='lat' dir='ltr'>Quamque</span> <span class='ocrx_word' id='word_1_78' title='bbox 351 1755 416 1819; x_wconf 87' lang='lat' dir='ltr'>fuit</span> <span class='ocrx_word' id='word_1_79' title='bbox 429 1755 510 1819; x_wconf 87' lang='lat' dir='ltr'>laeto</span> <span class='ocrx_word' id='word_1_80' title='bbox 532 1775 593 1838; x_wconf 92' lang='lat' dir='ltr'>per</span> <span class='ocrx_word' id='word_1_81' title='bbox 614 1755 695 1819; x_wconf 89' lang='lat' dir='ltr'>trois</span> <span class='ocrx_word' id='word_1_82' title='bbox 709 1752 815 1817; x_wconf 87' lang='lat' dir='ltr'>infida</span> <span class='ocrx_word' id='word_1_83' title='bbox 828 1753 1031 1838; x_wconf 84' lang='lat' dir='ltr'>triumphos,</span> <span class='ocrx_word' id='word_1_84' title='bbox 1151 1783 1160 1802; x_wconf 73' lang='lat'>.</span> <span class='ocrx_word' id='word_1_85' title='bbox 1182 1750 1250 1822; x_wconf 76' lang='lat'>685</span> 
     </span>
     <span class='ocr_line' id='line_1_14' title="bbox 143 1863 1259 1949; baseline 0.002 -20"><span class='ocrx_word' id='word_1_86' title='bbox 143 1865 231 1930; x_wconf 87' lang='lat' dir='ltr'>Tam</span> <span class='ocrx_word' id='word_1_87' title='bbox 246 1867 370 1930; x_wconf 92' lang='lat' dir='ltr'>misero</span> <span class='ocrx_word' id='word_1_88' title='bbox 388 1865 539 1929; x_wconf 86' lang='lat' dir='ltr'>Fortuna</span> <span class='ocrx_word' id='word_1_89' title='bbox 552 1866 672 1930; x_wconf 89' lang='lat' dir='ltr'>minor.</span> <span class='ocrx_word' id='word_1_90' title='bbox 684 1864 759 1949; x_wconf 88' lang='lat' dir='ltr'>jam</span> <span class='ocrx_word' id='word_1_91' title='bbox 774 1865 926 1948; x_wconf 87' lang='lat' dir='ltr'>pondere</span> <span class='ocrx_word' id='word_1_92' title='bbox 937 1863 1002 1930; x_wconf 82' lang='lat' dir='ltr'>tati</span> <span class='ocrx_word' id='word_1_93' title='bbox 1254 1866 1259 1883; x_wconf 88' lang='lat'>&#39;</span> 
     </span>
     <span class='ocr_line' id='line_1_15' title="bbox 144 1975 968 2060; baseline 0.004 -21"><span class='ocrx_word' id='word_1_94' title='bbox 144 1975 317 2059; x_wconf 90' lang='lat' dir='ltr'>Deposito</span> <span class='ocrx_word' id='word_1_95' title='bbox 332 1996 472 2040; x_wconf 86' lang='lat' dir='ltr'>securus</span> <span class='ocrx_word' id='word_1_96' title='bbox 488 1976 584 2040; x_wconf 88' lang='lat' dir='ltr'>abis:</span> <span class='ocrx_word' id='word_1_97' title='bbox 607 1996 697 2040; x_wconf 87' lang='lat' dir='ltr'>nunc</span> <span class='ocrx_word' id='word_1_98' title='bbox 712 1982 868 2060; x_wconf 90' lang='lat' dir='ltr'>tempora</span> <span class='ocrx_word' id='word_1_99' title='bbox 885 1976 968 2043; x_wconf 77' lang='lat' dir='ltr'>lata</span> 
     </span>
    </p>

    <p class='ocr_par' dir='ltr' id='par_1_9' title="bbox 142 2086 1250 2282">
     <span class='ocr_line' id='line_1_16' title="bbox 142 2086 1250 2172; baseline 0.002 -20"><span class='ocrx_word' id='word_1_100' title='bbox 142 2086 357 2171; x_wconf 83' lang='lat' dir='ltr'>Respexisse</span> <span class='ocrx_word' id='word_1_101' title='bbox 371 2093 492 2153; x_wconf 88' lang='lat' dir='ltr'>vacat:</span> <span class='ocrx_word' id='word_1_102' title='bbox 516 2109 598 2172; x_wconf 91' lang='lat' dir='ltr'>spes</span> <span class='ocrx_word' id='word_1_103' title='bbox 612 2108 787 2171; x_wconf 90' lang='lat' dir='ltr'>nunquam</span> <span class='ocrx_word' id='word_1_104' title='bbox 804 2087 981 2171; x_wconf 89' lang='lat' dir='ltr'>implenda</span> <span class='ocrx_word' id='word_1_105' title='bbox 994 2088 1159 2154; x_wconf 80' lang='lat' dir='ltr'>recessit:</span> <span class='ocrx_word' id='word_1_106' title='bbox 1246 2104 1250 2109; x_wconf 84' lang='lat'>&#39;</span> 
     </span>
     <span class='ocr_line' id='line_1_17' title="bbox 143 2196 1014 2282; baseline 0.007 -22"><span class='ocrx_word' id='word_1_107' title='bbox 143 2196 239 2275; x_wconf 85' lang='lat' dir='ltr'>Quid</span> <span class='ocrx_word' id='word_1_108' title='bbox 253 2199 358 2263; x_wconf 86' lang='lat' dir='ltr'>fueris</span> <span class='ocrx_word' id='word_1_109' title='bbox 373 2219 462 2263; x_wconf 90' lang='lat' dir='ltr'>nuno</span> <span class='ocrx_word' id='word_1_110' title='bbox 484 2200 571 2264; x_wconf 88' lang='lat' dir='ltr'>scire</span> <span class='ocrx_word' id='word_1_111' title='bbox 586 2199 678 2263; x_wconf 87' lang='lat' dir='ltr'>lieet.</span> <span class='ocrx_word' id='word_1_112' title='bbox 693 2196 773 2280; x_wconf 83' lang='lat' dir='ltr'>suge</span> <span class='ocrx_word' id='word_1_113' title='bbox 788 2199 914 2282; x_wconf 87' lang='lat' dir='ltr'>proelia</span> <span class='ocrx_word' id='word_1_114' title='bbox 927 2198 1014 2279; x_wconf 90' lang='lat' dir='ltr'>dira,</span> 
     </span>
    </p>

    <p class='ocr_par' dir='ltr' id='par_1_10' title="bbox 135 2307 1256 2504">
     <span class='ocr_line' id='line_1_18' title="bbox 135 2307 1256 2393; baseline 0.004 -20"><span class='ocrx_word' id='word_1_115' title='bbox 135 2307 191 2373; x_wconf 91' lang='lat' dir='ltr'>Ac</span> <span class='ocrx_word' id='word_1_116' title='bbox 207 2313 330 2373; x_wconf 90' lang='lat' dir='ltr'>testare</span> <span class='ocrx_word' id='word_1_117' title='bbox 351 2310 459 2386; x_wconf 77' lang='lat' dir='ltr'>DeoS,</span> <span class='ocrx_word' id='word_1_118' title='bbox 475 2310 605 2373; x_wconf 92' lang='lat' dir='ltr'>nullum</span> <span class='ocrx_word' id='word_1_119' title='bbox 628 2309 687 2393; x_wconf 93' lang='lat' dir='ltr'>qui</span> <span class='ocrx_word' id='word_1_120' title='bbox 702 2310 881 2392; x_wconf 86' lang='lat' dir='ltr'>perstetin</span> <span class='ocrx_word' id='word_1_121' title='bbox 905 2311 1020 2388; x_wconf 88' lang='lat' dir='ltr'>armis,</span> <span class='ocrx_word' id='word_1_122' title='bbox 1179 2307 1256 2376; x_wconf 81' lang='lat'>690.</span> 
     </span>
     <span class='ocr_line' id='line_1_19' title="bbox 140 2418 1097 2504; baseline 0.004 -21"><span class='ocrx_word' id='word_1_123' title='bbox 140 2418 166 2484; x_wconf 83' lang='lat' dir='ltr'>J</span> <span class='ocrx_word' id='word_1_124' title='bbox 168 2439 224 2484; x_wconf 90' lang='lat' dir='ltr'>am</span> <span class='ocrx_word' id='word_1_125' title='bbox 242 2420 304 2483; x_wconf 92' lang='lat' dir='ltr'>tibi</span> <span class='ocrx_word' id='word_1_126' title='bbox 321 2419 447 2504; x_wconf 86' lang='lat' dir='ltr'>Magne</span> <span class='ocrx_word' id='word_1_127' title='bbox 462 2421 570 2485; x_wconf 90' lang='lat' dir='ltr'>mori:</span> <span class='ocrx_word' id='word_1_128' title='bbox 595 2440 660 2486; x_wconf 88' lang='lat' dir='ltr'>ceu</span> <span class='ocrx_word' id='word_1_129' title='bbox 675 2419 800 2487; x_wconf 85' lang='lat' dir='ltr'>flebilis</span> <span class='ocrx_word' id='word_1_130' title='bbox 815 2418 937 2489; x_wconf 83' lang='lat' dir='ltr'>Africa</span> <span class='ocrx_word' id='word_1_131' title='bbox 951 2421 1097 2501; x_wconf 85' lang='lat' dir='ltr'>damnis,</span> 
     </span>
    </p>
   </div>
   <div class='ocr_carea' id='block_1_3' title="bbox 141 2578 1245 2711">
    <p class='ocr_par' dir='ltr' id='par_1_11' title="bbox 141 2578 1245 2711">
     <span class='ocr_line' id='line_1_20' title="bbox 141 2578 1245 2646; baseline 0.002 -20"><span class='ocrx_word' id='word_1_132' title='bbox 141 2583 191 2631; x_wconf 80' lang='lat'>6⁷4</span> <span class='ocrx_word' id='word_1_133' title='bbox 201 2578 349 2642; x_wconf 71' lang='lat' dir='ltr'>Nequiquam,</span> <span class='ocrx_word' id='word_1_134' title='bbox 361 2579 410 2628; x_wconf 84' lang='lat' dir='ltr'>Nec</span> <span class='ocrx_word' id='word_1_135' title='bbox 419 2581 543 2643; x_wconf 66' lang='lat' dir='ltr'>quiequam.</span> <span class='ocrx_word' id='word_1_136' title='bbox 578 2581 706 2629; x_wconf 72' lang='grc'><strong>67561616.</strong></span> <span class='ocrx_word' id='word_1_137' title='bbox 740 2582 789 2632; x_wconf 84' lang='grc'>676</span> <span class='ocrx_word' id='word_1_138' title='bbox 795 2581 961 2642; x_wconf 77' lang='lat' dir='ltr'>probatamest,</span> <span class='ocrx_word' id='word_1_139' title='bbox 969 2591 1082 2646; x_wconf 76' lang='lat' dir='ltr'>negatam,</span> <span class='ocrx_word' id='word_1_140' title='bbox 1090 2590 1245 2646; x_wconf 73' lang='lat' dir='ltr'>negaturam.</span> 
     </span>
     <span class='ocr_line' id='line_1_21' title="bbox 174 2645 1211 2711; baseline 0.006 -21"><span class='ocrx_word' id='word_1_141' title='bbox 174 2647 223 2691; x_wconf 86' lang='grc'>677</span> <span class='ocrx_word' id='word_1_142' title='bbox 236 2645 301 2692; x_wconf 86' lang='lat' dir='ltr'>Tum.</span> <span class='ocrx_word' id='word_1_143' title='bbox 368 2645 502 2711; x_wconf 82' lang='lat' dir='ltr'>680aecfl.</span> <span class='ocrx_word' id='word_1_144' title='bbox 553 2645 677 2696; x_wconf 75' lang='lat' dir='ltr'>685hrtos.</span> <span class='ocrx_word' id='word_1_145' title='bbox 728 2649 778 2696; x_wconf 86' lang='grc'>690</span> <span class='ocrx_word' id='word_1_146' title='bbox 788 2645 907 2694; x_wconf 68' lang='lat' dir='ltr'>Auertere.</span> <span class='ocrx_word' id='word_1_147' title='bbox 960 2649 1008 2698; x_wconf 83' lang='lat'>690</span> <span class='ocrx_word' id='word_1_148' title='bbox 1016 2651 1211 2709; x_wconf 63' lang='lat' dir='ltr'>praesagmina</span> 
     </span>
    </p>
   </div>
   <div class='ocr_carea' id='block_1_4' title="bbox 138 2783 1256 3687">
    <p class='ocr_par' dir='ltr' id='par_1_12' title="bbox 138 2783 1256 3687">
     <span class='ocr_line' id='line_1_22' title="bbox 139 2783 1256 2847; baseline 0.003 -17"><span class='ocrx_word' id='word_1_149' title='bbox 139 2783 293 2830; x_wconf 82' lang='lat' dir='ltr'>sarisoeulis:</span> <span class='ocrx_word' id='word_1_150' title='bbox 312 2784 379 2830; x_wconf 89' lang='lat' dir='ltr'>simul</span> <span class='ocrx_word' id='word_1_151' title='bbox 390 2801 415 2831; x_wconf 91' lang='lat' dir='ltr'>se</span> <span class='ocrx_word' id='word_1_152' title='bbox 426 2783 505 2830; x_wconf 79' lang='lat' dir='ltr'>vivum</span> <span class='ocrx_word' id='word_1_153' title='bbox 514 2783 611 2830; x_wconf 86' lang='lat' dir='ltr'>reddere</span> <span class='ocrx_word' id='word_1_154' title='bbox 621 2800 678 2830; x_wconf 82' lang='lat' dir='ltr'>axo·</span> <span class='ocrx_word' id='word_1_155' title='bbox 704 2783 807 2831; x_wconf 86' lang='lat' dir='ltr'>Sertorio</span> <span class='ocrx_word' id='word_1_156' title='bbox 818 2790 842 2830; x_wconf 85' lang='lat' dir='ltr'>at</span> <span class='ocrx_word' id='word_1_157' title='bbox 852 2785 979 2846; x_wconf 78' lang='lat' dir='ltr'>Perpenna.</span> <span class='ocrx_word' id='word_1_158' title='bbox 1000 2785 1042 2833; x_wconf 86' lang='lat' dir='ltr'>lib.</span> <span class='ocrx_word' id='word_1_159' title='bbox 1061 2788 1085 2833; x_wconf 78' lang='lat'>2.</span> <span class='ocrx_word' id='word_1_160' title='bbox 1101 2801 1136 2834; x_wconf 74' lang='lat' dir='ltr'>vs.</span> <span class='ocrx_word' id='word_1_161' title='bbox 1151 2784 1256 2847; x_wconf 64' lang='grc'><strong>54967,</strong></span> 
     </span>
     <span class='ocr_line' id='line_1_23' title="bbox 138 2847 1234 2913; baseline 0.005 -18"><span class='ocrx_word' id='word_1_162' title='bbox 138 2847 167 2895; x_wconf 88' lang='lat' dir='ltr'>ri.</span> <span class='ocrx_word' id='word_1_163' title='bbox 177 2848 218 2894; x_wconf 87' lang='lat' dir='ltr'>sed</span> <span class='ocrx_word' id='word_1_164' title='bbox 229 2848 320 2895; x_wconf 79' lang='lat' dir='ltr'>frustra.</span> <span class='ocrx_word' id='word_1_165' title='bbox 330 2850 354 2894; x_wconf 89' lang='lat' dir='ltr'>in</span> <span class='ocrx_word' id='word_1_166' title='bbox 361 2849 416 2895; x_wconf 84' lang='lat' dir='ltr'>fatis</span> <span class='ocrx_word' id='word_1_167' title='bbox 425 2863 521 2909; x_wconf 89' lang='lat' dir='ltr'>namque</span> <span class='ocrx_word' id='word_1_168' title='bbox 529 2855 579 2894; x_wconf 87' lang='lat' dir='ltr'>erat</span> <span class='ocrx_word' id='word_1_169' title='bbox 588 2855 678 2910; x_wconf 83' lang='lat' dir='ltr'>utprae·</span> <span class='ocrx_word' id='word_1_170' title='bbox 705 2851 728 2896; x_wconf 83' lang='grc'><strong>3.</strong></span> <span class='ocrx_word' id='word_1_171' title='bbox 746 2847 870 2895; x_wconf 81' lang='lat' dir='ltr'>Ponticum</span> <span class='ocrx_word' id='word_1_172' title='bbox 880 2849 910 2896; x_wconf 89' lang='lat' dir='ltr'>de</span> <span class='ocrx_word' id='word_1_173' title='bbox 920 2849 1065 2908; x_wconf 71' lang='lat' dir='ltr'>Mithridate,</span> <span class='ocrx_word' id='word_1_174' title='bbox 1073 2850 1180 2913; x_wconf 69' lang='lat' dir='ltr'>tigrane,</span> <span class='ocrx_word' id='word_1_175' title='bbox 1187 2847 1234 2899; x_wconf 77' lang='lat' dir='ltr'>&amp;a</span> 
     </span>
     <span class='ocr_line' id='line_1_24' title="bbox 139 2911 1251 2982; baseline 0.008 -24"><span class='ocrx_word' id='word_1_176' title='bbox 139 2920 206 2959; x_wconf 89' lang='lat' dir='ltr'>aenta</span> <span class='ocrx_word' id='word_1_177' title='bbox 213 2916 310 2976; x_wconf 84' lang='lat' dir='ltr'>conjuge</span> <span class='ocrx_word' id='word_1_178' title='bbox 317 2917 500 2969; x_wconf 84' lang='lat' dir='ltr'>obtruncaretur,</span> <span class='ocrx_word' id='word_1_179' title='bbox 508 2920 622 2973; x_wconf 82' lang='lat' dir='ltr'>eaputque</span> <span class='ocrx_word' id='word_1_180' title='bbox 629 2915 679 2974; x_wconf 90' lang='lat' dir='ltr'>ejus</span> <span class='ocrx_word' id='word_1_181' title='bbox 737 2912 793 2964; x_wconf 84' lang='grc'><strong>686.</strong></span> <span class='ocrx_word' id='word_1_182' title='bbox 810 2911 914 2962; x_wconf 74' lang='lat' dir='ltr'>Pondere</span> <span class='ocrx_word' id='word_1_183' title='bbox 916 2914 976 2982; x_wconf 78' lang='lat' dir='ltr'>sati,</span> <span class='ocrx_word' id='word_1_184' title='bbox 985 2914 1042 2978; x_wconf 71' lang='lat' dir='ltr'>dte]</span> <span class='ocrx_word' id='word_1_185' title='bbox 1060 2917 1163 2964; x_wconf 68' lang='lat' dir='ltr'>aeratus</span> <span class='ocrx_word' id='word_1_186' title='bbox 1174 2929 1251 2967; x_wconf 69' lang='grc'><strong>06616-</strong></span> 
     </span>
     <span class='ocr_line' id='line_1_25' title="bbox 139 2977 1254 3040; baseline 0.005 -17"><span class='ocrx_word' id='word_1_187' title='bbox 139 2977 227 3024; x_wconf 71' lang='grc'><strong>06666</strong></span> <span class='ocrx_word' id='word_1_188' title='bbox 239 2979 367 3034; x_wconf 78' lang='lat' dir='ltr'>offerretur,</span> <span class='ocrx_word' id='word_1_189' title='bbox 378 2978 421 3026; x_wconf 88' lang='lat' dir='ltr'>lib.</span> <span class='ocrx_word' id='word_1_190' title='bbox 433 2983 455 3027; x_wconf 87' lang='lat'>8.</span> <span class='ocrx_word' id='word_1_191' title='bbox 468 2994 503 3027; x_wconf 83' lang='lat' dir='ltr'>vs.</span> <span class='ocrx_word' id='word_1_192' title='bbox 515 2981 553 3025; x_wconf 90' lang='lat'>18.</span> <span class='ocrx_word' id='word_1_193' title='bbox 567 2985 591 3024; x_wconf 91' lang='lat' dir='ltr'>et</span> <span class='ocrx_word' id='word_1_194' title='bbox 601 2979 641 3025; x_wconf 90' lang='lat' dir='ltr'>lib.</span> <span class='ocrx_word' id='word_1_195' title='bbox 654 2982 677 3027; x_wconf 89' lang='lat'>9.</span> <span class='ocrx_word' id='word_1_196' title='bbox 704 2977 804 3040; x_wconf 86' lang='lat' dir='ltr'>imperii,</span> <span class='ocrx_word' id='word_1_197' title='bbox 815 2979 877 3039; x_wconf 88' lang='lat' dir='ltr'>quod</span> <span class='ocrx_word' id='word_1_198' title='bbox 887 2980 931 3029; x_wconf 82' lang='lat' dir='ltr'>tihi</span> <span class='ocrx_word' id='word_1_199' title='bbox 942 2981 1013 3029; x_wconf 80' lang='lat' dir='ltr'>fatum</span> <span class='ocrx_word' id='word_1_200' title='bbox 1023 2981 1180 3029; x_wconf 81' lang='lat' dir='ltr'>commiserat.</span> <span class='ocrx_word' id='word_1_201' title='bbox 1192 3004 1196 3009; x_wconf 93' lang='lat'>·</span> <span class='ocrx_word' id='word_1_202' title='bbox 1251 3024 1254 3029; x_wconf 93' lang='lat'>.</span> 
     </span>
     <span class='ocr_line' id='line_1_26' title="bbox 139 3039 1245 3106; baseline 0.005 -18"><span class='ocrx_word' id='word_1_203' title='bbox 139 3045 262 3093; x_wconf 74' lang='lat' dir='ltr'>va1035.</span> <span class='ocrx_word' id='word_1_204' title='bbox 737 3045 793 3090; x_wconf 87' lang='grc'><strong>687.</strong></span> <span class='ocrx_word' id='word_1_205' title='bbox 811 3039 881 3090; x_wconf 78' lang='lat' dir='ltr'>Noae</span> <span class='ocrx_word' id='word_1_206' title='bbox 897 3052 994 3106; x_wconf 81' lang='lat' dir='ltr'>tempora</span> <span class='ocrx_word' id='word_1_207' title='bbox 1013 3043 1084 3106; x_wconf 69' lang='lat' dir='ltr'>leat]</span> <span class='ocrx_word' id='word_1_208' title='bbox 1109 3046 1180 3092; x_wconf 84' lang='lat' dir='ltr'>Nune</span> <span class='ocrx_word' id='word_1_209' title='bbox 1198 3042 1245 3094; x_wconf 85' lang='lat' dir='ltr'>tibi</span> 
     </span>
     <span class='ocr_line' id='line_1_27' title="bbox 173 3105 1244 3169; baseline 0.005 -15"><span class='ocrx_word' id='word_1_210' title='bbox 173 3110 229 3157; x_wconf 87' lang='grc'><strong>676.</strong></span> <span class='ocrx_word' id='word_1_211' title='bbox 248 3107 352 3169; x_wconf 72' lang='lat' dir='ltr'>Fataque</span> <span class='ocrx_word' id='word_1_212' title='bbox 369 3105 507 3169; x_wconf 65' lang='lat' dir='ltr'>protorum]</span> <span class='ocrx_word' id='word_1_213' title='bbox 524 3107 599 3155; x_wconf 86' lang='lat' dir='ltr'>Miror</span> <span class='ocrx_word' id='word_1_214' title='bbox 616 3107 677 3154; x_wconf 86' lang='lat' dir='ltr'>Mas.</span> <span class='ocrx_word' id='word_1_215' title='bbox 704 3107 779 3154; x_wconf 85' lang='lat' dir='ltr'>ocium</span> <span class='ocrx_word' id='word_1_216' title='bbox 788 3113 824 3154; x_wconf 89' lang='lat' dir='ltr'>est</span> <span class='ocrx_word' id='word_1_217' title='bbox 839 3107 884 3154; x_wconf 81' lang='lat' dir='ltr'>frui</span> <span class='ocrx_word' id='word_1_218' title='bbox 896 3108 1007 3155; x_wconf 85' lang='lat' dir='ltr'>memoria</span> <span class='ocrx_word' id='word_1_219' title='bbox 1017 3116 1130 3158; x_wconf 84' lang='lat' dir='ltr'>anteaotae</span> <span class='ocrx_word' id='word_1_220' title='bbox 1145 3107 1244 3159; x_wconf 66' lang='grc'><strong>660606-</strong></span> 
     </span>
     <span class='ocr_line' id='line_1_28' title="bbox 139 3171 1253 3236; baseline 0.001 -17"><span class='ocrx_word' id='word_1_221' title='bbox 139 3187 220 3219; x_wconf 87' lang='lat' dir='ltr'>omnes</span> <span class='ocrx_word' id='word_1_222' title='bbox 238 3173 332 3230; x_wconf 87' lang='lat' dir='ltr'>habere,</span> <span class='ocrx_word' id='word_1_223' title='bbox 346 3172 450 3236; x_wconf 65' lang='lat' dir='ltr'>satiamus</span> <span class='ocrx_word' id='word_1_224' title='bbox 472 3180 585 3235; x_wconf 79' lang='lat' dir='ltr'>negatum.</span> <span class='ocrx_word' id='word_1_225' title='bbox 607 3172 678 3218; x_wconf 85' lang='lat' dir='ltr'>Forte</span> <span class='ocrx_word' id='word_1_226' title='bbox 703 3171 749 3219; x_wconf 86' lang='lat' dir='ltr'>tis:</span> <span class='ocrx_word' id='word_1_227' title='bbox 766 3179 890 3233; x_wconf 82' lang='lat' dir='ltr'>postquam</span> <span class='ocrx_word' id='word_1_228' title='bbox 901 3171 1008 3236; x_wconf 77' lang='lat' dir='ltr'>insatiata</span> <span class='ocrx_word' id='word_1_229' title='bbox 1018 3188 1073 3235; x_wconf 84' lang='lat' dir='ltr'>spes</span> <span class='ocrx_word' id='word_1_230' title='bbox 1087 3172 1156 3236; x_wconf 84' lang='lat' dir='ltr'>plura</span> <span class='ocrx_word' id='word_1_231' title='bbox 1164 3172 1253 3236; x_wconf 71' lang='lat' dir='ltr'>aequi-⁸</span> 
     </span>
     <span class='ocr_line' id='line_1_29' title="bbox 140 3235 902 3301; baseline 0 -17"><span class='ocrx_word' id='word_1_232' title='bbox 140 3237 259 3298; x_wconf 79' lang='lat' dir='ltr'>scripserit</span> <span class='ocrx_word' id='word_1_233' title='bbox 270 3239 376 3284; x_wconf 83' lang='lat' dir='ltr'>Lucanus</span> <span class='ocrx_word' id='word_1_234' title='bbox 387 3244 498 3301; x_wconf 79' lang='lat' dir='ltr'>rogatam,</span> <span class='ocrx_word' id='word_1_235' title='bbox 506 3242 531 3283; x_wconf 91' lang='lat' dir='ltr'>ut</span> <span class='ocrx_word' id='word_1_236' title='bbox 542 3235 625 3284; x_wconf 90' lang='lat' dir='ltr'>allusio</span> <span class='ocrx_word' id='word_1_237' title='bbox 637 3236 677 3292; x_wconf 87' lang='lat' dir='ltr'>sit,</span> <span class='ocrx_word' id='word_1_238' title='bbox 702 3237 768 3283; x_wconf 88' lang='lat' dir='ltr'>rendi</span> <span class='ocrx_word' id='word_1_239' title='bbox 781 3236 902 3296; x_wconf 67' lang='lat' dir='ltr'>interierit.</span> 
     </span>
     <span class='ocr_line' id='line_1_30' title="bbox 139 3298 1243 3378; baseline 0.003 -30"><span class='ocrx_word' id='word_1_240' title='bbox 139 3302 169 3348; x_wconf 91' lang='lat' dir='ltr'>ad</span> <span class='ocrx_word' id='word_1_241' title='bbox 181 3302 258 3364; x_wconf 86' lang='lat' dir='ltr'>legum</span> <span class='ocrx_word' id='word_1_242' title='bbox 271 3303 411 3362; x_wconf 79' lang='lat' dir='ltr'>rogationes.</span> <span class='ocrx_word' id='word_1_243' title='bbox 430 3300 530 3348; x_wconf 82' lang='lat' dir='ltr'>Grotius.</span> <span class='ocrx_word' id='word_1_244' title='bbox 735 3304 792 3352; x_wconf 85' lang='grc'><strong>609.</strong></span> <span class='ocrx_word' id='word_1_245' title='bbox 811 3300 872 3356; x_wconf 81' lang='lat' dir='ltr'>Quid</span> <span class='ocrx_word' id='word_1_246' title='bbox 874 3301 955 3378; x_wconf 74' lang='lat' dir='ltr'>saeris</span> <span class='ocrx_word' id='word_1_247' title='bbox 968 3299 1103 3364; x_wconf 76' lang='lat' dir='ltr'>ouroe,&amp;o.]</span> <span class='ocrx_word' id='word_1_248' title='bbox 1121 3298 1243 3351; x_wconf 85' lang='lat' dir='ltr'>Eeollati·</span> 
     </span>
     <span class='ocr_line' id='line_1_31' title="bbox 174 3364 1243 3430; baseline -0.003 -14"><span class='ocrx_word' id='word_1_249' title='bbox 174 3371 230 3416; x_wconf 87' lang='grc'><strong>670.</strong></span> <span class='ocrx_word' id='word_1_250' title='bbox 247 3365 394 3429; x_wconf 78' lang='lat' dir='ltr'>Ingentesque</span> <span class='ocrx_word' id='word_1_251' title='bbox 403 3368 493 3421; x_wconf 84' lang='lat' dir='ltr'>animos,</span> <span class='ocrx_word' id='word_1_252' title='bbox 509 3365 565 3430; x_wconf 77' lang='lat' dir='ltr'>dra]</span> <span class='ocrx_word' id='word_1_253' title='bbox 583 3367 678 3426; x_wconf 83' lang='lat' dir='ltr'>Magna·</span> <span class='ocrx_word' id='word_1_254' title='bbox 703 3381 746 3412; x_wconf 88' lang='lat' dir='ltr'>oue</span> <span class='ocrx_word' id='word_1_255' title='bbox 775 3373 922 3426; x_wconf 78' lang='lat' dir='ltr'>prasenuum</span> <span class='ocrx_word' id='word_1_256' title='bbox 951 3367 1100 3414; x_wconf 83' lang='lat' dir='ltr'>adversarum</span> <span class='ocrx_word' id='word_1_257' title='bbox 1125 3364 1243 3430; x_wconf 78' lang='lat' dir='ltr'>intelliges</span> 
     </span>
     <span class='ocr_line' id='line_1_32' title="bbox 141 3428 1242 3493; baseline 0.004 -16"><span class='ocrx_word' id='word_1_258' title='bbox 141 3431 197 3478; x_wconf 86' lang='lat' dir='ltr'>nimi</span> <span class='ocrx_word' id='word_1_259' title='bbox 207 3433 272 3478; x_wconf 85' lang='lat' dir='ltr'>ducis</span> <span class='ocrx_word' id='word_1_260' title='bbox 282 3440 305 3478; x_wconf 90' lang='lat' dir='ltr'>et</span> <span class='ocrx_word' id='word_1_261' title='bbox 314 3433 440 3478; x_wconf 85' lang='lat' dir='ltr'>constantia</span> <span class='ocrx_word' id='word_1_262' title='bbox 449 3430 567 3491; x_wconf 82' lang='lat' dir='ltr'>exemplar</span> <span class='ocrx_word' id='word_1_263' title='bbox 576 3431 599 3476; x_wconf 91' lang='lat' dir='ltr'>in</span> <span class='ocrx_word' id='word_1_264' title='bbox 610 3431 677 3476; x_wconf 87' lang='lat' dir='ltr'>Pom·</span> <span class='ocrx_word' id='word_1_265' title='bbox 703 3436 793 3490; x_wconf 79' lang='lat' dir='ltr'>qnarrtoe</span> <span class='ocrx_word' id='word_1_266' title='bbox 804 3430 889 3478; x_wconf 79' lang='lat' dir='ltr'>fuerint</span> <span class='ocrx_word' id='word_1_267' title='bbox 899 3446 937 3478; x_wconf 86' lang='lat' dir='ltr'>res</span> <span class='ocrx_word' id='word_1_268' title='bbox 944 3437 990 3478; x_wconf 83' lang='lat' dir='ltr'>tuse</span> <span class='ocrx_word' id='word_1_269' title='bbox 999 3446 1126 3493; x_wconf 73' lang='lat' dir='ltr'>prosperas.</span> <span class='ocrx_word' id='word_1_270' title='bbox 1137 3428 1195 3479; x_wconf 79' lang='lat' dir='ltr'>Tua</span> <span class='ocrx_word' id='word_1_271' title='bbox 1202 3432 1242 3483; x_wconf 78' lang='lat' dir='ltr'>de·</span> 
     </span>
     <span class='ocr_line' id='line_1_33' title="bbox 139 3494 1243 3557; baseline 0.002 -14"><span class='ocrx_word' id='word_1_272' title='bbox 139 3495 194 3556; x_wconf 92' lang='lat' dir='ltr'>peio</span> <span class='ocrx_word' id='word_1_273' title='bbox 205 3497 350 3544; x_wconf 83' lang='lat' dir='ltr'>describitur.</span> <span class='ocrx_word' id='word_1_274' title='bbox 362 3498 401 3557; x_wconf 91' lang='lat' dir='ltr'>qui</span> <span class='ocrx_word' id='word_1_275' title='bbox 421 3511 449 3542; x_wconf 86' lang='lat' dir='ltr'>ne</span> <span class='ocrx_word' id='word_1_276' title='bbox 461 3496 485 3542; x_wconf 88' lang='lat' dir='ltr'>iu</span> <span class='ocrx_word' id='word_1_277' title='bbox 497 3495 609 3542; x_wconf 81' lang='lat' dir='ltr'>extremis</span> <span class='ocrx_word' id='word_1_278' title='bbox 626 3494 677 3555; x_wconf 88' lang='lat' dir='ltr'>qui·</span> <span class='ocrx_word' id='word_1_279' title='bbox 702 3495 777 3557; x_wconf 75' lang='lat' dir='ltr'>alque,</span> <span class='ocrx_word' id='word_1_280' title='bbox 795 3495 870 3556; x_wconf 88' lang='lat' dir='ltr'>inquit</span> <span class='ocrx_word' id='word_1_281' title='bbox 888 3495 928 3543; x_wconf 89' lang='lat' dir='ltr'>ille</span> <span class='ocrx_word' id='word_1_282' title='bbox 946 3494 1007 3557; x_wconf 80' lang='lat' dir='ltr'>apud</span> <span class='ocrx_word' id='word_1_283' title='bbox 1027 3497 1150 3552; x_wconf 86' lang='lat' dir='ltr'>oomieanr,</span> <span class='ocrx_word' id='word_1_284' title='bbox 1168 3510 1243 3545; x_wconf 73' lang='lat' dir='ltr'>oram</span> 
     </span>
     <span class='ocr_line' id='line_1_34' title="bbox 140 3559 1243 3624; baseline 0.002 -17"><span class='ocrx_word' id='word_1_285' title='bbox 140 3562 193 3607; x_wconf 90' lang='lat' dir='ltr'>dem</span> <span class='ocrx_word' id='word_1_286' title='bbox 201 3562 322 3622; x_wconf 86' lang='lat' dir='ltr'>perculsus</span> <span class='ocrx_word' id='word_1_287' title='bbox 330 3563 405 3608; x_wconf 81' lang='lat' dir='ltr'>animo</span> <span class='ocrx_word' id='word_1_288' title='bbox 413 3561 491 3615; x_wconf 80' lang='lat' dir='ltr'>fuerit,</span> <span class='ocrx_word' id='word_1_289' title='bbox 500 3575 573 3620; x_wconf 86' lang='lat' dir='ltr'>neque</span> <span class='ocrx_word' id='word_1_290' title='bbox 585 3574 677 3621; x_wconf 83' lang='lat' dir='ltr'>gemae-</span> <span class='ocrx_word' id='word_1_291' title='bbox 702 3568 776 3607; x_wconf 80' lang='lat' dir='ltr'>nostra</span> <span class='ocrx_word' id='word_1_292' title='bbox 786 3559 933 3624; x_wconf 68' lang='lat' dir='ltr'>intelligimus</span> <span class='ocrx_word' id='word_1_293' title='bbox 947 3560 1010 3616; x_wconf 81' lang='grc'><strong>0666,</strong></span> <span class='ocrx_word' id='word_1_294' title='bbox 1026 3577 1096 3624; x_wconf 79' lang='lat' dir='ltr'>qaam</span> <span class='ocrx_word' id='word_1_295' title='bbox 1109 3575 1158 3623; x_wconf 72' lang='lat' dir='ltr'>qua</span> <span class='ocrx_word' id='word_1_296' title='bbox 1167 3561 1194 3609; x_wconf 75' lang='lat' dir='ltr'>ia</span> <span class='ocrx_word' id='word_1_297' title='bbox 1201 3575 1243 3623; x_wconf 73' lang='lat' dir='ltr'>pe·</span> 
     </span>
     <span class='ocr_line' id='line_1_35' title="bbox 140 3623 1048 3687; baseline 0 -14"><span class='ocrx_word' id='word_1_298' title='bbox 140 3627 187 3683; x_wconf 87' lang='lat' dir='ltr'>rit;</span> <span class='ocrx_word' id='word_1_299' title='bbox 203 3628 244 3673; x_wconf 91' lang='lat' dir='ltr'>sed</span> <span class='ocrx_word' id='word_1_300' title='bbox 256 3627 323 3673; x_wconf 91' lang='lat' dir='ltr'>dolor</span> <span class='ocrx_word' id='word_1_301' title='bbox 338 3627 439 3674; x_wconf 85' lang='lat' dir='ltr'>verenda</span> <span class='ocrx_word' id='word_1_302' title='bbox 455 3628 574 3687; x_wconf 83' lang='lat' dir='ltr'>majestate</span> <span class='ocrx_word' id='word_1_303' title='bbox 593 3624 676 3683; x_wconf 86' lang='lat' dir='ltr'>eluxit,</span> <span class='ocrx_word' id='word_1_304' title='bbox 703 3631 779 3671; x_wconf 75' lang='lat' dir='ltr'>tesan</span> <span class='ocrx_word' id='word_1_305' title='bbox 790 3623 916 3683; x_wconf 75' lang='lat' dir='ltr'>imbuimus,</span> <span class='ocrx_word' id='word_1_306' title='bbox 927 3626 1048 3674; x_wconf 65' lang='lat' dir='ltr'>umidmas.</span> 
     </span>
    </p>
   </div>
   <div class='ocr_carea' id='block_1_5' title="bbox 140 3687 1370 3761">
    <p class='ocr_par' dir='ltr' id='par_1_13' title="bbox 140 3687 1370 3761">
     <span class='ocr_line' id='line_1_36' title="bbox 140 3687 1370 3761; baseline -0.002 -23"><span class='ocrx_word' id='word_1_307' title='bbox 140 3689 183 3738; x_wconf 77' lang='lat' dir='ltr'>&amp;a</span> <span class='ocrx_word' id='word_1_308' title='bbox 203 3691 306 3738; x_wconf 80' lang='lat' dir='ltr'>Hortens.</span> <span class='ocrx_word' id='word_1_309' title='bbox 735 3691 791 3737; x_wconf 85' lang='lat'>690.</span> <span class='ocrx_word' id='word_1_310' title='bbox 808 3688 841 3736; x_wconf 76' lang='lat' dir='ltr'>Ae</span> <span class='ocrx_word' id='word_1_311' title='bbox 859 3698 939 3738; x_wconf 82' lang='lat' dir='ltr'>testare</span> <span class='ocrx_word' id='word_1_312' title='bbox 958 3688 1024 3747; x_wconf 79' lang='lat' dir='ltr'>Deos,</span> <span class='ocrx_word' id='word_1_313' title='bbox 1040 3687 1099 3754; x_wconf 74' lang='lat' dir='ltr'>dra]</span> <span class='ocrx_word' id='word_1_314' title='bbox 1121 3688 1154 3736; x_wconf 79' lang='lat' dir='ltr'>Et</span> <span class='ocrx_word' id='word_1_315' title='bbox 1169 3702 1241 3751; x_wconf 77' lang='lat' dir='ltr'>qm</span> <span class='ocrx_word' id='word_1_316' title='bbox 1324 3698 1330 3715; x_wconf 86' lang='lat'><strong><em>¹</em></strong></span> <span class='ocrx_word' id='word_1_317' title='bbox 1364 3750 1370 3761; x_wconf 36' lang='grc' dir='ltr'>ι</span> 
     </span>
    </p>
   </div>
   <div class='ocr_carea' id='block_1_6' title="bbox 137 3746 1249 4468">
    <p class='ocr_par' dir='ltr' id='par_1_14' title="bbox 138 3746 1247 3948">
     <span class='ocr_line' id='line_1_37' title="bbox 172 3746 1247 3816; baseline -0.001 -13"><span class='ocrx_word' id='word_1_318' title='bbox 172 3758 228 3804; x_wconf 75' lang='grc'><strong>689.</strong></span> <span class='ocrx_word' id='word_1_319' title='bbox 247 3755 299 3802; x_wconf 85' lang='lat' dir='ltr'>Non</span> <span class='ocrx_word' id='word_1_320' title='bbox 309 3758 394 3816; x_wconf 84' lang='lat' dir='ltr'>impare</span> <span class='ocrx_word' id='word_1_321' title='bbox 402 3753 488 3816; x_wconf 72' lang='lat' dir='ltr'>uuita]</span> <span class='ocrx_word' id='word_1_322' title='bbox 505 3754 560 3801; x_wconf 84' lang='lat' dir='ltr'>Noa</span> <span class='ocrx_word' id='word_1_323' title='bbox 571 3754 677 3802; x_wconf 85' lang='lat' dir='ltr'>immuta·</span> <span class='ocrx_word' id='word_1_324' title='bbox 702 3761 756 3816; x_wconf 79' lang='lat' dir='ltr'>post</span> <span class='ocrx_word' id='word_1_325' title='bbox 769 3753 898 3802; x_wconf 68' lang='grc'><strong>6666666666</strong></span> <span class='ocrx_word' id='word_1_326' title='bbox 910 3764 974 3803; x_wconf 84' lang='lat' dir='ltr'>tuum</span> <span class='ocrx_word' id='word_1_327' title='bbox 985 3755 1092 3816; x_wconf 82' lang='lat' dir='ltr'>oproelio</span> <span class='ocrx_word' id='word_1_328' title='bbox 1103 3746 1247 3803; x_wconf 70' lang='lat' dir='ltr'>Pharsaliae</span> 
     </span>
     <span class='ocr_line' id='line_1_38' title="bbox 139 3818 1242 3882; baseline 0 -14"><span class='ocrx_word' id='word_1_329' title='bbox 139 3829 164 3868; x_wconf 90' lang='lat' dir='ltr'>to</span> <span class='ocrx_word' id='word_1_330' title='bbox 174 3829 272 3882; x_wconf 88' lang='lat' dir='ltr'>propter</span> <span class='ocrx_word' id='word_1_331' title='bbox 282 3822 395 3868; x_wconf 79' lang='lat' dir='ltr'>adversar</span> <span class='ocrx_word' id='word_1_332' title='bbox 411 3823 501 3874; x_wconf 64' lang='lat' dir='ltr'>eodem</span> <span class='ocrx_word' id='word_1_333' title='bbox 513 3835 559 3880; x_wconf 90' lang='lat' dir='ltr'>quo</span> <span class='ocrx_word' id='word_1_334' title='bbox 568 3818 634 3881; x_wconf 91' lang='lat' dir='ltr'>prius</span> <span class='ocrx_word' id='word_1_335' title='bbox 641 3825 677 3866; x_wconf 89' lang='lat' dir='ltr'>tn-</span> <span class='ocrx_word' id='word_1_336' title='bbox 701 3820 774 3879; x_wconf 61' lang='grc'><strong>666366</strong></span> <span class='ocrx_word' id='word_1_337' title='bbox 784 3834 839 3881; x_wconf 84' lang='lat' dir='ltr'>para</span> <span class='ocrx_word' id='word_1_338' title='bbox 854 3819 928 3868; x_wconf 85' lang='lat' dir='ltr'>eladis</span> <span class='ocrx_word' id='word_1_339' title='bbox 944 3819 1077 3882; x_wconf 73' lang='lat' dir='ltr'>configerit,</span> <span class='ocrx_word' id='word_1_340' title='bbox 1091 3821 1157 3868; x_wconf 77' lang='lat' dir='ltr'>neor</span> <span class='ocrx_word' id='word_1_341' title='bbox 1166 3823 1242 3868; x_wconf 70' lang='lat' dir='ltr'>rosea</span> 
     </span>
     <span class='ocr_line' id='line_1_39' title="bbox 138 3882 1239 3948; baseline -0.002 -15"><span class='ocrx_word' id='word_1_342' title='bbox 138 3887 204 3933; x_wconf 87' lang='lat' dir='ltr'>iisset</span> <span class='ocrx_word' id='word_1_343' title='bbox 214 3901 333 3948; x_wconf 81' lang='lat' dir='ltr'>prospera.</span> <span class='ocrx_word' id='word_1_344' title='bbox 702 3885 774 3931; x_wconf 83' lang='lat' dir='ltr'>altare</span> <span class='ocrx_word' id='word_1_345' title='bbox 784 3883 850 3940; x_wconf 78' lang='lat' dir='ltr'>Hoet,</span> <span class='ocrx_word' id='word_1_346' title='bbox 859 3900 901 3932; x_wconf 87' lang='lat' dir='ltr'>eoa</span> <span class='ocrx_word' id='word_1_347' title='bbox 911 3901 957 3932; x_wconf 87' lang='lat' dir='ltr'>non</span> <span class='ocrx_word' id='word_1_348' title='bbox 967 3891 1007 3933; x_wconf 85' lang='lat' dir='ltr'>tus</span> <span class='ocrx_word' id='word_1_349' title='bbox 1018 3885 1099 3947; x_wconf 71' lang='lat' dir='ltr'>gratia,</span> <span class='ocrx_word' id='word_1_350' title='bbox 1111 3884 1152 3933; x_wconf 90' lang='lat' dir='ltr'>sed</span> <span class='ocrx_word' id='word_1_351' title='bbox 1164 3882 1239 3947; x_wconf 80' lang='lat' dir='ltr'>publi·</span> 
     </span>
    </p>

    <p class='ocr_par' dir='ltr' id='par_1_15' title="bbox 137 3947 1249 4404">
     <span class='ocr_line' id='line_1_40' title="bbox 172 3947 1240 4062; baseline -0.003 -64"><span class='ocrx_word' id='word_1_352' title='bbox 172 3954 227 4002; x_wconf 85' lang='lat'>685.</span> <span class='ocrx_word' id='word_1_353' title='bbox 247 3951 363 4012; x_wconf 69' lang='lat' dir='ltr'>Quampte</span> <span class='ocrx_word' id='word_1_354' title='bbox 372 3948 426 4013; x_wconf 81' lang='lat' dir='ltr'>suit</span> <span class='ocrx_word' id='word_1_355' title='bbox 444 3947 512 4011; x_wconf 76' lang='lat' dir='ltr'>tnta]</span> <span class='ocrx_word' id='word_1_356' title='bbox 530 3950 616 3997; x_wconf 77' lang='lat' dir='ltr'>Sensus</span> <span class='ocrx_word' id='word_1_357' title='bbox 628 3955 676 3996; x_wconf 81' lang='lat' dir='ltr'>estr</span> <span class='ocrx_word' id='word_1_358' title='bbox 702 3965 736 3996; x_wconf 80' lang='lat' dir='ltr'>ore</span> <span class='ocrx_word' id='word_1_359' title='bbox 746 3948 861 3998; x_wconf 78' lang='lat' dir='ltr'>libertatis</span> <span class='ocrx_word' id='word_1_360' title='bbox 871 3965 941 3997; x_wconf 83' lang='lat' dir='ltr'>eausa</span> <span class='ocrx_word' id='word_1_361' title='bbox 951 3949 976 3997; x_wconf 90' lang='lat' dir='ltr'>in</span> <span class='ocrx_word' id='word_1_362' title='bbox 987 3949 1057 3998; x_wconf 84' lang='lat' dir='ltr'>armis</span> <span class='ocrx_word' id='word_1_363' title='bbox 1073 3948 1204 4012; x_wconf 80' lang='lat' dir='ltr'>perstitisse</span> <span class='ocrx_word' id='word_1_364' title='bbox 1214 3954 1240 4062; x_wconf 56' lang='grc' dir='ltr'>εἶ</span> 
     </span>
     <span class='ocr_line' id='line_1_41' title="bbox 140 4013 1249 4077; baseline -0.002 -15"><span class='ocrx_word' id='word_1_365' title='bbox 140 4016 242 4064; x_wconf 80' lang='lat' dir='ltr'>Fortuna</span> <span class='ocrx_word' id='word_1_366' title='bbox 253 4016 333 4062; x_wconf 82' lang='lat' dir='ltr'>ntfnit</span> <span class='ocrx_word' id='word_1_367' title='bbox 345 4014 417 4061; x_wconf 89' lang='lat' dir='ltr'>intida</span> <span class='ocrx_word' id='word_1_368' title='bbox 433 4014 542 4075; x_wconf 86' lang='lat' dir='ltr'>Pompeio</span> <span class='ocrx_word' id='word_1_369' title='bbox 556 4014 580 4061; x_wconf 90' lang='lat' dir='ltr'>in</span> <span class='ocrx_word' id='word_1_370' title='bbox 596 4029 677 4061; x_wconf 86' lang='lat' dir='ltr'>aeonu-</span> <span class='ocrx_word' id='word_1_371' title='bbox 702 4013 824 4072; x_wconf 80' lang='lat' dir='ltr'>cecidisse,</span> <span class='ocrx_word' id='word_1_372' title='bbox 835 4013 875 4076; x_wconf 86' lang='lat' dir='ltr'>qni</span> <span class='ocrx_word' id='word_1_373' title='bbox 893 4014 1038 4076; x_wconf 72' lang='lat' dir='ltr'>interieriu13</span> <span class='ocrx_word' id='word_1_374' title='bbox 1053 4022 1080 4062; x_wconf 87' lang='lat' dir='ltr'>at</span> <span class='ocrx_word' id='word_1_375' title='bbox 1094 4021 1119 4062; x_wconf 89' lang='lat' dir='ltr'>et</span> <span class='ocrx_word' id='word_1_376' title='bbox 1134 4022 1184 4071; x_wconf 79' lang='lat' dir='ltr'>eor,</span> <span class='ocrx_word' id='word_1_377' title='bbox 1198 4021 1228 4075; x_wconf 76' lang='lat' dir='ltr'>qu</span> <span class='ocrx_word' id='word_1_378' title='bbox 1245 4068 1249 4077; x_wconf 33' lang='lat'><em>¹</em></span> 
     </span>
     <span class='ocr_line' id='line_1_42' title="bbox 139 4076 1239 4141; baseline -0.002 -14"><span class='ocrx_word' id='word_1_379' title='bbox 139 4083 176 4128; x_wconf 87' lang='lat' dir='ltr'>dis</span> <span class='ocrx_word' id='word_1_380' title='bbox 186 4083 275 4141; x_wconf 88' lang='lat' dir='ltr'>rebus;</span> <span class='ocrx_word' id='word_1_381' title='bbox 290 4081 324 4126; x_wconf 88' lang='lat' dir='ltr'>ita</span> <span class='ocrx_word' id='word_1_382' title='bbox 334 4080 357 4126; x_wconf 91' lang='lat' dir='ltr'>in</span> <span class='ocrx_word' id='word_1_383' title='bbox 369 4079 472 4127; x_wconf 81' lang='lat' dir='ltr'>adversis</span> <span class='ocrx_word' id='word_1_384' title='bbox 483 4079 527 4126; x_wconf 83' lang='lat' dir='ltr'>luit</span> <span class='ocrx_word' id='word_1_385' title='bbox 538 4079 676 4136; x_wconf 73' lang='lat' dir='ltr'>illuminor,</span> <span class='ocrx_word' id='word_1_386' title='bbox 701 4087 861 4140; x_wconf 84' lang='lat' dir='ltr'>postmortem</span> <span class='ocrx_word' id='word_1_387' title='bbox 871 4087 934 4127; x_wconf 82' lang='lat' dir='ltr'>taam</span> <span class='ocrx_word' id='word_1_388' title='bbox 944 4080 967 4127; x_wconf 85' lang='lat' dir='ltr'>in</span> <span class='ocrx_word' id='word_1_389' title='bbox 979 4079 1067 4138; x_wconf 78' lang='lat' dir='ltr'>Africa,</span> <span class='ocrx_word' id='word_1_390' title='bbox 1075 4079 1108 4127; x_wconf 83' lang='lat' dir='ltr'>in</span> <span class='ocrx_word' id='word_1_391' title='bbox 1122 4076 1239 4141; x_wconf 82' lang='lat' dir='ltr'>Hispania</span> 
     </span>
     <span class='ocr_line' id='line_1_43' title="bbox 138 4143 995 4208; baseline -0.001 -15"><span class='ocrx_word' id='word_1_392' title='bbox 138 4147 202 4208; x_wconf 89' lang='lat' dir='ltr'>qnod</span> <span class='ocrx_word' id='word_1_393' title='bbox 213 4163 265 4194; x_wconf 83' lang='lat' dir='ltr'>eum</span> <span class='ocrx_word' id='word_1_394' title='bbox 276 4146 306 4191; x_wconf 90' lang='lat' dir='ltr'>de</span> <span class='ocrx_word' id='word_1_395' title='bbox 319 4145 401 4191; x_wconf 85' lang='lat' dir='ltr'>urentis</span> <span class='ocrx_word' id='word_1_396' title='bbox 416 4159 464 4192; x_wconf 81' lang='lat' dir='ltr'>auae</span> <span class='ocrx_word' id='word_1_397' title='bbox 479 4144 607 4192; x_wconf 78' lang='lat' dir='ltr'>constantia</span> <span class='ocrx_word' id='word_1_398' title='bbox 618 4143 676 4203; x_wconf 86' lang='lat' dir='ltr'>deji-</span> <span class='ocrx_word' id='word_1_399' title='bbox 702 4153 726 4193; x_wconf 89' lang='lat' dir='ltr'>et</span> <span class='ocrx_word' id='word_1_400' title='bbox 737 4144 841 4207; x_wconf 70' lang='lat' dir='ltr'>Aigypto</span> <span class='ocrx_word' id='word_1_401' title='bbox 852 4145 995 4194; x_wconf 87' lang='lat' dir='ltr'>oeoideruat.</span> 
     </span>
     <span class='ocr_line' id='line_1_44' title="bbox 138 4205 1238 4275; baseline -0.003 -17"><span class='ocrx_word' id='word_1_402' title='bbox 138 4227 192 4258; x_wconf 85' lang='lat' dir='ltr'>oere</span> <span class='ocrx_word' id='word_1_403' title='bbox 210 4227 257 4258; x_wconf 89' lang='lat' dir='ltr'>non</span> <span class='ocrx_word' id='word_1_404' title='bbox 275 4210 380 4257; x_wconf 80' lang='lat' dir='ltr'>valuerit.</span> <span class='ocrx_word' id='word_1_405' title='bbox 399 4209 503 4258; x_wconf 74' lang='lat' dir='ltr'>Hortaris.</span> <span class='ocrx_word' id='word_1_406' title='bbox 527 4208 588 4257; x_wconf 80' lang='lat' dir='ltr'>Treta</span> <span class='ocrx_word' id='word_1_407' title='bbox 606 4208 677 4270; x_wconf 79' lang='lat' dir='ltr'>irfido</span> <span class='ocrx_word' id='word_1_408' title='bbox 735 4212 790 4258; x_wconf 87' lang='grc'><strong>691.</strong></span> <span class='ocrx_word' id='word_1_409' title='bbox 810 4208 860 4259; x_wconf 76' lang='lat' dir='ltr'>Titi</span> <span class='ocrx_word' id='word_1_410' title='bbox 876 4209 953 4275; x_wconf 83' lang='lat' dir='ltr'>mori]</span> <span class='ocrx_word' id='word_1_411' title='bbox 971 4210 1026 4258; x_wconf 86' lang='lat' dir='ltr'>Noa</span> <span class='ocrx_word' id='word_1_412' title='bbox 1041 4215 1082 4256; x_wconf 88' lang='lat' dir='ltr'>tua</span> <span class='ocrx_word' id='word_1_413' title='bbox 1096 4205 1179 4270; x_wconf 71' lang='lat' dir='ltr'>graiis,</span> <span class='ocrx_word' id='word_1_414' title='bbox 1195 4205 1238 4265; x_wconf 74' lang='lat' dir='ltr'>sed</span> 
     </span>
     <span class='ocr_line' id='line_1_45' title="bbox 137 4268 1239 4404; baseline -0.003 -15"><span class='ocrx_word' id='word_1_415' title='bbox 137 4274 676 4402; x_wconf 46' lang='lat' dir='ltr'>utetutrttsrtttttts</span> <span class='ocrx_word' id='word_1_416' title='bbox 700 4271 1075 4404; x_wconf 51' lang='lat' dir='ltr'>ulutatus&amp;</span> <span class='ocrx_word' id='word_1_417' title='bbox 1091 4268 1239 4401; x_wconf 56' lang='lat' dir='ltr'>..aeid</span> 
     </span>
    </p>

    <p class='ocr_par' dir='ltr' id='par_1_16' title="bbox 138 4362 1239 4468">
     <span class='ocr_line' id='line_1_46' title="bbox 199 4362 1239 4400; baseline 0.002 -2"><span class='ocrx_word' id='word_1_418' title='bbox 199 4375 206 4396; x_wconf 80' lang='lat' dir='ltr'>r</span> <span class='ocrx_word' id='word_1_419' title='bbox 521 4376 528 4397; x_wconf 83' lang='lat' dir='ltr'>r</span> <span class='ocrx_word' id='word_1_420' title='bbox 666 4365 676 4375; x_wconf 90' lang='grc'><em>·</em></span> <span class='ocrx_word' id='word_1_421' title='bbox 910 4373 917 4396; x_wconf 83' lang='lat' dir='ltr'>r</span> <span class='ocrx_word' id='word_1_422' title='bbox 1009 4374 1017 4398; x_wconf 84' lang='lat' dir='ltr'>r</span> <span class='ocrx_word' id='word_1_423' title='bbox 1112 4396 1116 4400; x_wconf 94' lang='lat'>.</span> <span class='ocrx_word' id='word_1_424' title='bbox 1228 4362 1239 4374; x_wconf 89' lang='grc'><em>“</em></span> 
     </span>
     <span class='ocr_line' id='line_1_47' title="bbox 138 4396 1095 4468; baseline -0.002 -14"><span class='ocrx_word' id='word_1_425' title='bbox 138 4407 172 4454; x_wconf 87' lang='lat' dir='ltr'>tio</span> <span class='ocrx_word' id='word_1_426' title='bbox 184 4405 297 4454; x_wconf 81' lang='lat' dir='ltr'>auxilium</span> <span class='ocrx_word' id='word_1_427' title='bbox 313 4405 405 4454; x_wconf 84' lang='lat' dir='ltr'>tulerat.</span> <span class='ocrx_word' id='word_1_428' title='bbox 424 4407 446 4454; x_wconf 75' lang='lat'>2.</span> <span class='ocrx_word' id='word_1_429' title='bbox 466 4404 627 4468; x_wconf 83' lang='lat' dir='ltr'>Hispanicum,</span> <span class='ocrx_word' id='word_1_430' title='bbox 646 4404 676 4453; x_wconf 86' lang='lat' dir='ltr'>de</span> <span class='ocrx_word' id='word_1_431' title='bbox 700 4403 720 4451; x_wconf 88' lang='lat' dir='ltr'>ti</span> <span class='ocrx_word' id='word_1_432' title='bbox 735 4403 775 4452; x_wconf 91' lang='lat' dir='ltr'>alii</span> <span class='ocrx_word' id='word_1_433' title='bbox 785 4400 912 4467; x_wconf 73' lang='lat' dir='ltr'>perieram.</span> <span class='ocrx_word' id='word_1_434' title='bbox 930 4403 1037 4454; x_wconf 71' lang='lat' dir='ltr'>Haeo.</span> <span class='ocrx_word' id='word_1_435' title='bbox 1091 4396 1095 4403; x_wconf 78' lang='grc'><strong>’</strong></span> 
     </span>
    </p>
   </div>
   <div class='ocr_carea' id='block_1_7' title="bbox 0 0 1396 4860">
    <p class='ocr_par' dir='ltr' id='par_1_17' title="bbox 0 0 1396 4860">
     <span class='ocr_line' id='line_1_48' title="bbox 0 0 1396 4860; baseline 0 4"><span class='ocrx_word' id='word_1_436' title='bbox 0 0 1396 4860; x_wconf 95' lang='lat' dir='ltr'> </span> 
     </span>
    </p>
   </div>
  </div>
 </body>
</html>
