2784 4860
145 350 189 417 cs
374 338 989 413 ··M.ANNAE1LUCAN1·
1063 357 1077 417 ;.
1164 323 1169 342 “

147 523 248 590 Ferre
259 521 359 606 juvet
368 519 501 605 patriis,
523 519 781 600 libertatemque
796 515 904 581 tueri:

145 632 249 700 Nunc
270 651 380 717 neque
395 628 555 713 Pompeii
571 629 723 704 Brutum
746 646 857 708 neque
874 623 1023 701 Caesaris
1038 624 1183 702 hostem,

149 743 237 809 Post
249 743 376 807 bellum
389 737 529 805 victoris
544 739 644 805 habe.
689 737 747 802 Sic
763 738 863 803 fatru.
881 737 983 803 atilli
1040 780 1043 785 -
1107 770 1116 809 ¹.
1262 746 1275 801 1

147 853 286 920 Arcano
302 871 418 917 sacras
432 851 543 915 reddit
563 850 650 916 Cato
669 855 808 934 pectore
822 869 946 916 voces:
1185 842 1255 912 28⁶

153 964 328 1029 Summum
343 963 446 1026 Brute
461 961 558 1025 nefas
579 961 696 1025 civilia
713 960 806 1024 bella
819 958 982 1024 fatemur:

153 1073 222 1139 Sed
237 1093 305 1157 quo
320 1073 392 1137 fate
406 1071 551 1149 trahunt,
574 1071 680 1136 virtus
696 1089 816 1135 secure
831 1073 1000 1152 sequetur.
1058 1122 1063 1135 ,

153 1183 289 1248 Crimen
303 1183 366 1247 erit
380 1181 520 1266 Superis
537 1186 573 1245 et
585 1199 640 1245 me
655 1179 780 1245 secisse
794 1184 983 1269 nocentem.

154 1289 275 1357 Sidera
288 1293 377 1376 quie,
392 1290 622 1372 mundumque
635 1289 719 1352 velit
733 1293 889 1371 spectare
905 1287 1082 1353 cedentem
1236 1356 1240 1360 ,

154 1400 288 1485 Expers
303 1404 378 1486 ipse
393 1401 528 1466 metuet
551 1400 641 1481 quis,
665 1418 743 1463 curn
756 1402 833 1462 ruet
850 1397 976 1462 arduus
990 1396 1140 1477 aether„'
1161 1443 1167 1455 .
1188 1395 1271 1463 w·

154 1511 261 1577 Terra
274 1513 377 1599 labet,
400 1511 503 1584 misto
519 1508 674 1581 coeuntis
688 1508 839 1592 pondere
853 1507 981 1586 mundi,
1133 1572 1136 1577 ,
1230 1516 1266 1542 ”

156 1621 361 1706 complosas
382 1623 531 1689 tenuisse
544 1620 686 1687 manuel
710 1623 827 1703 gentes
848 1639 891 1685 ne
911 1618 1078 1692 furorem·

154 1732 361 1816 Hesperium
376 1735 514 1816 ignotae,
537 1731 764 1815 Romanaque
779 1733 877 1812 signa
891 1733 1082 1813 sequentur,

157 1844 373 1928 Deductique
393 1845 488 1909 fretis
509 1843 578 1908 alio
595 1843 658 1908 sub
681 1841 791 1906 sidere
805 1841 925 1924 regest
956 1862 960 1867 ·
1097 1909 1101 1914 .

158 1952 239 2016 Otia
253 1955 347 2018 solus
363 1955 487 2036 egemi
503 1953 632 2037 ¹procul
645 1951 735 2017 hunc
757 1956 868 2016 arcete
890 1947 1047 2028 furorem,
1109 1968 1113 1976 ·
1191 1949 1259 2016 285

158 2061 189 2126 0
206 2061 339 2145 Superi,
362 2068 495 2151 motura
510 2063 628 2127 Dacos
649 2067 688 2127 ut
703 2061 813 2139 clade,
832 2060 1007 2147 Getasque

158 2172 285 2238 Securo
300 2195 354 2238 me
377 2172 492 2238 Roma
513 2173 625 2237 cadat.
648 2191 713 2236 ceu
726 2176 833 2235 morte
847 2175 1022 2253 parentem

158 2335 206 2381 284
223 2332 295 2379 hebes.
361 2334 409 2381 289
425 2332 492 2388 nolet,
510 2333 575 2378 volet.
641 2332 689 2379 289
699 2339 814 2391 spectasse.
880 2331 929 2378 290
940 2329 987 2375 itte.
1054 2331 1102 2378 292
1114 2328 1259 2392 compressor.

181 2407 333 2470 λ2931828.
400 2407 608 2470 294Diductiqne.
673 2409 722 2456 295
733 2407 794 2453 binc.
860 2409 907 2456 296
920 2404 1210 2467 Sacae,Mioyll.Dootul

160 2562 238 2594 sorum
254 2545 330 2593 victor
342 2549 434 2594 tandem
453 2546 549 2594 molitus
566 2547 638 2594 luerit
654 2547 697 2596 eli·
722 2543 814 2593 interim
823 2544 918 2605 supinus
929 2552 953 2591 et
964 2545 1103 2606 compressis
1119 2546 1202 2594 sedens
1211 2562 1261 2594 ms·

160 2611 217 2670 quid
234 2618 314 2658 contre
323 2611 388 2672 leges
405 2619 429 2658 et
444 2610 576 2659 libertatern
586 2612 696 2673 Reipubl.
723 2611 809 2656 nibus?

161 2676 274 2726 adversus
293 2677 354 2722 hunc
375 2691 411 2722 me
431 2675 567 2723 acerrimum
587 2679 698 2738 profiteor
755 2677 814 2724 291.
832 2672 903 2720 Terra
918 2672 995 2735 inim]
1013 2673 1261 2731 masenceium

160 2733 258 2786 boitem.
290 2740 389 2787 Nomine
403 2740 481 2801 utique
493 2749 517 2788 et
531 2757 558 2790 re
578 2743 651 2791 lrabes
661 2758 698 2789 me
723 2756 799 2788 rerum
810 2738 922 2785 elementa
937 2737 1144 2798 confunderentur3
1159 2753 1261 2787 maresc

162 2812 299 2851 assertorem
310 2804 398 2864 petriec.
723 2812 785 2853 terra
795 2803 854 2849 coelo
864 2802 1024 2858 miscerentur,
1040 2802 1130 2850 otiosus
1146 2805 1262 2852 consertis

195 2871 250 2917 285.
269 2871 359 2914 Arcano
368 2865 464 2929 sacrm]
482 2867 554 2926 Quasi
567 2871 617 2930 ejus
628 2871 700 2917 verba
723 2871 829 2918 manibus
842 2866 960 2913 sederem?
973 2866 1100 2929 coeuntia]
1116 2866 1262 2916 com

163 2931 222 2977 nilril
234 2932 298 2979 aliud
309 2933 363 2986 siut,
380 2948 448 2993 qnam
460 2933 560 2992 oracula,
575 2951 607 2982 ex
618 2934 699 2981 divino
724 2936 756 2981 tis
767 2949 800 2980 se.
818 2930 923 2983 timens.
939 2929 1023 2993 Salpe.

164 2996 265 3042 sacrario
276 2998 385 3054 profecte.
467 2996 471 3002 '
758 3001 814 3046 292.
832 2995 974 3058 ceneten]
999 2997 1036 3042 lte
1056 2995 1125 3045 Mss,
1145 2995 1195 3045 Alit
1213 2996 1262 3060 leg.

196 3062 252 3110 286.
270 3061 386 3107 Summum
406 3059 481 3108 Brute
501 3060 586 3126 edua]
606 3062 701 3110 Ceteris
726 3063 871 3124 conpressas.
889 3059 1183 3124 Gettesnefurereor.&c.]
1199 3062 1263 3110 Gerr-

164 3123 238 3171 oratio
249 3126 327 3187 gravis
347 3133 370 3172 et
381 3124 448 3187 plane
460 3122 594 3184 (letericus,
611 3129 655 3177 lroc
665 3133 701 3174 est
725 3136 791 3175 terne
803 3133 889 3175 extero
906 3134 930 3173 et
945 3134 1040 3174 remotae
1050 3125 1146 3173 venient
1163 3127 1193 3174 ed
1208 3142 1263 3188 pur-

164 3189 249 3236 Stoioae
259 3189 386 3251 rigiditatis
396 3189 479 3251 plenu;
494 3198 544 3240 toto
559 3192 583 3239 iu
600 3193 644 3238 hoc
660 3208 701 3253 pa·
725 3201 762 3242 tes
778 3198 802 3240 et
812 3190 924 3242 auxilium
935 3191 1030 3254 Imperii
1040 3191 1133 3237 nostri:
1149 3206 1194 3251 ego
1205 3206 1263 3241 vero

164 3261 215 3316 rata
225 3261 269 3308 est,
286 3263 311 3300 ut
323 3255 421 3300 Brutum
431 3256 525 3318 refutet,
542 3263 565 3303 et
576 3259 625 3317 ejus
634 3273 701 3318 argu-
725 3258 823 3319 ignarus
834 3256 936 3304 sedebo?
953 3255 1032 3316 procul
1052 3255 1113 3302 absit
1128 3271 1143 3302 a
1160 3272 1197 3303 rue
1211 3256 1265 3304 limo

164 3325 242 3364 mente
252 3319 281 3365 de
301 3320 439 3383 abstinendo
455 3322 486 3366 ab
503 3312 573 3371 armis*
589 3322 713 3369 civilibus.
725 3321 851 3369 vecordia?
872 3319 981 3367 Fetorem
1004 3317 1160 3380 Homer-tam]
1186 3319 1264 3377 Civile

165 3381 246 3429 diluet
280 3384 349 3444 Bruti
367 3383 508 3444 argumentis
529 3387 635 3448 opponit,
660 3387 701 3433 lro-
725 3387 812 3434 bellurn
827 3388 964 3442 Romanum,
979 3393 1045 3433 recte
1055 3383 1164 3448 furorem
1184 3393 1263 3440 voest,

164 3452 265 3502 nestum,
281 3449 436 3496 necessurium
453 3456 478 3496 et
488 3451 560 3510 pium,
577 3452 658 3512 patriae
672 3451 701 3497 li·
727 3468 773 3512 quo
784 3451 849 3496 ciues
863 3450 924 3496 inter
940 3467 974 3506 se,
992 3456 1016 3499 et
1026 3449 1052 3496 in
1071 3465 1096 3496 se
1107 3456 1274 3504 mutuoeme·

164 3509 278 3556 bertutern
298 3513 430 3570 defendere,
447 3528 518 3574 quum
536 3515 593 3562 illud
607 3532 653 3563 non
668 3516 701 3561 fe·
725 3515 830 3563 induunt.
848 3512 954 3562 Hortene.

165 3588 218 3621 cere
229 3573 260 3619 sit
269 3575 372 3636 impium.
406 3579 516 3638 Largitur
527 3580 620 3640 quidem
631 3579 702 3626 civile
760 3582 815 3628 294.
834 3577 955 3638 Dodoni]
972 3576 1085 3639 separati.
1269 3612 1274 3623 ⁴.

164 3636 252 3684 bellum
263 3639 374 3701 nefarium
386 3657 393 3697 ς
410 3643 450 3688 sed
461 3646 569 3691 transfert
576 3644 600 3690 in
610 3643 702 3691 foralem
760 3645 808 3692 296
834 3640 929 3688 Moturo
940 3641 1036 3703 Decet]
1053 3641 1079 3688 st
1090 3642 1166 3689 Romu
1177 3643 1265 3692 oedem

165 3701 333 3749 necessitatem.
352 3702 418 3752 Hert.
727 3707 829 3767 Soythioe
840 3705 939 3767 populos
953 3707 983 3752 ed
998 3705 1221 3755 commiserationem
1238 3715 1264 3757 et

198 3767 255 3813 287.
275 3763 353 3813 Virtus
363 3782 443 3814 secura
456 3769 581 3832 sequetem]
598 3772 645 3818 Sed
656 3770 702 3816 vir·
727 3770 816 3818 auxilia
832 3771 926 3818 l'ererrda
940 3777 1064 3829 moveret3
1090 3771 1162 3818 multo
1175 3771 1265 3832 jrrstius

165 3835 203 3877 tus
212 3845 264 3879 meu
279 3831 312 3876 nil
332 3832 377 3878 sibi
390 3843 502 3893 metuens,
520 3843 629 3897 sequetur
645 3836 702 3882 fate-
727 3838 844 3885 Catonem.
855 3834 962 3882 Horteee.
971 3833 1067 3896 Decea]
1079 3835 1198 3883 Sermrtire
1206 3851 1276 3898 pop„

164 3893 212 3941 lem
222 3896 391 3947 necessitatem.
409 3897 491 3959 Sulpit.
728 3915 797 3961 supra
817 3916 851 3947 vs.
870 3903 910 3950 54.
952 3899 1010 3946 Sunt
1029 3905 1105 3947 temen
1127 3900 1168 3960 qui
1188 3900 1265 3949 nolint

197 3961 254 4009 288.
272 3958 313 4006 Me
316 3960 401 4024 fecisse
408 3962 543 4023 nocentem]
560 3963 702 4024 Imposuisse
727 3965 780 4011 huic
796 3972 823 4011 ut
841 3971 865 4012 et
875 3963 977 4025 Virgilio
992 3967 1014 4011 8.
1026 3965 1082 4012 AErr.
1100 3971 1125 4012 et
1145 3963 1204 4013 Silio
1222 3967 1262 4015 13.

163 4020 222 4070 mihi
239 4024 297 4072 hanc
315 4026 483 4086 necessitatem,
500 4035 527 4074 ut
544 4043 606 4076 arma
622 4028 702 4074 indue·
725 4028 843 4076 licentiam
854 4029 955 4091 priorem
965 4028 1107 4088 corripiendi
1119 4030 1263 4091 permittere,

160 4102 254 4203 fenice.
272 4153 420 4216 seuereque,
438 4154 495 4219 ee]
513 4155 702 4215 paternianum
727 4095 868 4219 ffiffim
886 4101 963 4156 W
982 4093 1053 4150 Μ’
1073 4109 1129 4156 Μ’
1151 4093 1181 4142 'd
1198 4109 1266 4144 mm

165 4216 258 4265 Stoicus
268 4227 312 4275 est,
329 4227 369 4266 aut
386 4220 425 4267 oui
435 4221 469 4267 ita
483 4221 507 4266 in
525 4219 645 4280 chalybem
663 4227 702 4268 aut
743 4226 816 4272 297.
834 4223 882 4271 Ceu
892 4230 961 4271 morte
968 4229 1095 4288 potentem,
1104 4219 1167 4284 &nl
1179 4223 1265 4281 Annon

165 4278 249 4331 cellum
269 4286 398 4332 obduruere
417 4284 553 4344 precordia,
577 4291 603 4332 ut
618 4291 701 4333 terrem
726 4287 770 4334 hoc
780 4289 841 4336 dabo
860 4287 936 4336 dolori
953 4294 978 4335 et
995 4287 1068 4335 emori
1085 4302 1141 4348 erge
1157 4287 1265 4348 petriam,

166 4342 225 4425 eolo
236 4347 329 4409 misceri
340 4357 364 4398 et
375 4349 452 4398 omnic
467 4365 534 4398 ruere
547 4347 634 4422 rideat,
650 4349 701 4412 ipre
726 4353 788 4415 quod
802 4369 858 4416 erge
872 4352 977 4404 liberos?
1010 4351 1265 4424 Ngwguprerneeolro
