2784 4860
438 357 678 425 uuonan.
722 337 834 422 nra.
870 357 934 424 ιν.

139 533 328 598 Contendat
338 534 452 598 feralis
464 531 581 596 Amor.
627 531 783 595 Petreius
798 550 880 596 ense

139 642 196 707 Sic
212 646 356 708 breviter
371 645 509 708 stricto:
533 642 740 724 Libycarum
759 642 907 704 maxime
923 640 1072 725 Regum,

140 753 247 837 Cujus
261 755 462 819 honoratum
477 775 537 837 per
552 755 684 818 saecula
697 773 821 816 nomen
836 752 976 817 habebit
1092 772 1100 791 ¹
1127 802 1130 809 .

139 862 305 941 Ausonia,
318 866 404 929 hanc
421 866 557 929 laudem
570 866 626 929 cui
640 886 694 928 me
710 864 832 927 debere
849 863 993 941 fatebor,
1087 876 1090 883 '
1111 908 1124 919 -.

139 972 192 1058 (N
193 996 232 1038 ec
248 976 353 1057 pudet
363 977 576 1059 'Hesperium
592 977 778 1040 Ductorem
794 976 938 1053 discere,
953 980 1048 1040 tanto

140 1083 236 1166 Rege
253 1087 408 1162 docente,
424 1086 526 1171 mori)
541 1088 660 1151 Latius
675 1089 835 1170 gaudebit
848 1088 976 1152 honoro

140 1195 221 1258 Hoc
239 1195 380 1272 Genius,
396 1218 439 1260 ne
455 1203 487 1260 te
505 1198 678 1280 captivum
694 1199 808 1262 Roma
822 1198 963 1274 videret,

141 1305 253 1383 Quem
267 1308 442 1371 libertates
456 1314 592 1372 nostras
613 1309 774 1392 legesque
794 1314 944 1374 tuentem

142 1418 311 1482 Laudavit
325 1421 439 1496 toties,
457 1422 612 1503 sociique
622 1422 764 1485 infamia
778 1421 887 1502 Regis

142 1526 290 1590 Caesaris
309 1530 455 1610 injustos
467 1536 587 1612 posset
602 1531 762 1596 decorare
778 1532 976 1616 triumphos

142 1636 256 1701 Roma
270 1638 293 1700 J
294 1640 384 1714 ubae,
401 1641 490 1702 sicut
506 1639 716 1719 Masinissae,
731 1663 855 1707 nomen
871 1645 1019 1724 amabit3

142 1748 218 1811 Nec
231 1751 368 1813 meliore
379 1757 462 1815 nota
476 1753 786 1832 signabit'Caesaris
801 1760 880 1818 acta

143 1859 255 1937 Quam
271 1859 427 1926 Catilinae
443 1864 582 1939 olim,·et
597 1863 661 1925 diri
676 1865 833 1928 consulta
849 1864 1000 1948 Cethegi.

143 1970 296 2047 Dixerat,
319 1978 352 2035 et
366 1974 448 2036 totis
469 1978 673 2037 concurrunt
686 1970 815 2038 viribus
833 1977 945 2051 ambo,

143 2081 315 2165 Grataque
331 2085 412 2147 dant
429 2086 644 2168 referuntque
655 2106 717 2168 per
731 2087 820 2150 ictus
832 2087 973 2152 vulnera
987 2089 1135 2152 crebros.

143 2193 302 2258 Crederet
312 2195 378 2258 hoc
395 2198 587 2279 quisquam,
613 2199 708 2260 tanto
730 2199 920 2277 conamine,
937 2205 1032 2264 tanta

143 2306 334 2387 Pugnatum
349 2309 470 2371 virtute
486 2308 582 2385 mori,
594 2329 664 2372 non
672 2310 830 2373 vinceret
853 2310 990 2374 tandem

144 2417 297 2480 Petreius
315 2419 448 2483 cecidit.
464 2422 580 2496 retine,
604 2420 748 2498 Petreie,
765 2439 948 2503 parumper

144 2527 373 2592 Festinantem
392 2530 548 2606 animam,
566 2529 805 2606 clamatJuba,
823 2531 902 2594 dum
923 2551 1038 2596 comes
1053 2533 1181 2598 umbrae

1178 360 1246 428 5⁴9

143 2640 274 2703 Umbra
288 2646 355 2703 tuae
372 2641 436 2702 hoc
460 2641 573 2721 gladio
590 2641 634 2704 ad
655 2641 791 2724 Stygias
811 2642 994 2705 demittitur
1008 2644 1118 2707 undas
1179 2642 1183 2649 ’

144 2749 232 2828 Quis
247 2752 339 2832 regni
350 2750 494 2832 posthac
512 2750 659 2814 confidet
668 2752 820 2815 uiribus?
844 2757 903 2815 aut
917 2773 1018 2835 quem

144 2860 263 2924 Gloria
275 2861 422 2943 decipiet
436 2862 572 2944 sceptri,
586 2861 707 2925 soliive
720 2863 856 2926 suberbi

145 2973 294 3036 Lubrica
308 2973 496 3054 majestas?
521 2974 653 3037 cunctis
669 2976 821 3038 desertus
841 2975 885 3038 ad
907 2977 1046 3041 umbras

145 3085 267 3147 Nudus
284 3105 336 3159 eo,
352 3105 460 3166 nuper
476 3085 607 3167 Libyco
622 3085 646 3147 J
647 3087 716 3149 uba
730 3087 901 3150 maximus
917 3087 1009 3151 orbe.

143 3195 190 3258 At
205 3196 314 3270 vobiS,
331 3195 452 3276 populi
468 3195 574 3270 infidi,
597 3201 632 3258 et
653 3197 725 3272 tibi,
748 3197 857 3260 Zama
869 3198 1018 3261 rebellis.
1032 3192 1034 3199 ’

144 3306 195 3368 Sit
211 3305 344 3366 Latium
356 3324 477 3385 precor
487 3324 596 3386 usque
608 3305 728 3388 jugum
744 3327 856 3388 grave,
872 3308 1117 3391 perfidiamque

145 3417 247 3480 llanc
262 3421 409 3479 vestram
426 3417 563 3478 domino
579 3418 718 3482 domino
733 3417 850 3499 pejore
865 3416 979 3481 luatis.

144 3529 241 3591 Tunc
259 3529 378 3590 iterum
390 3528 503 3608 gladio
521 3532 643 3610 pectus
657 3529 748 3607 ferit3
771 3529 886 3592 evolat
898 3549 978 3592 acer

144 3641 300 3723 Spiritus
319 3646 522 3724 aeternaeque
534 3641 656 3704 oculos
668 3641 820 3705 clausere
843 3642 1003 3708 tenebrae.

188 3753 279 3816 Ecce
296 3754 382 3816 allos
402 3754 526 3829 luctus,
550 3753 710 3836 aliudque
726 3773 787 3835 per
802 3773 942 3836 aequora
952 3754 1054 3820 funus
1073 3747 1076 3750 ¹

146 3862 272 3928 Nobile
288 3863 493 3945 Thapsiacis
513 3863 663 3927 Fortuna
682 3863 827 3928 vehebat
848 3865 892 3928 ab
909 3865 1009 3932 arvis

145 3974 263 4056 Scipio
280 3974 362 4036 Dux
377 3974 459 4036 belli
474 3979 568 4038 tanta
583 3974 625 4038 de
642 3975 739 4038 clade
754 3980 928 4058 superstes

145 4083 228 4148 Non
244 4083 443 4165 dedignatus
460 4105 567 4167 parva
582 4091 708 4149 tentare
729 4087 845 4149 carina

146 4195 190 4259 Et
206 4196 280 4258 sola
299 4195 465 4278 Libycum
480 4197 634 4279 pelagus,
650 4199 857 4281 properabat
870 4199 916 4266 ad
931 4218 1009 4266 oras

146 4306 335 4390 Hispanas,
358 4308 417 4371 ubi
432 4309 591 4392 Pompeii
606 4308 722 4375 civilia
737 4315 863 4392 cogunt
984 4322 987 4326 '
1081 4324 1082 4329 ’
