2784 4860
157 331 222 399 578
459 328 956 411 SUPPLEMENTUM

154 503 178 569 J
180 524 235 568 am
249 524 373 588 pugnae
389 502 555 587 cupidus3
578 502 724 568 sednon
737 508 908 570 cemameu
920 505 1051 593 imque

156 615 274 681 Caesar
288 617 372 679 inire
387 615 465 679 loco
481 615 616 679 statuit:
638 632 756 679 verum
769 615 903 696 agmine
916 621 1012 689 moto

154 727 371 809 Progressus,
389 726 480 790 Salsi
494 745 564 789 non
577 744 719 806 magnas
733 727 881 791 transilit
894 706 1019 805 nudas,
1086 768 1089 775 -
1104 780 1107 785 .

154 835 388 921 Ateguamque
404 837 499 919 capit
513 836 627 899 subita
641 835 785 899 feliciter
799 841 881 903 arte.
908 884 913 905 .

195 947 330 1030 Ategua
344 947 482 1023 amissa,
497 946 625 1010 veritus
641 945 829 1028 Pompeius
843 945 975 1024 luem,

153 1057 304 1122 Fortuna
319 1061 502 1140 quassante
517 1055 630 1132 fidem,
645 1074 688 1118 ne
703 1055 860 1138 perderet
872 1057 992 1137 urbes¹
1046 1084 1049 1089 ·

152 1165 196 1229 Et
209 1165 369 1248 reliquas,
385 1166 444 1228 uni
460 1170 620 1248 properat
635 1165 843 1230 committere
857 1186 983 1250 pugnae

151 1274 240 1359 Spes
256 1295 384 1352 omnes,
399 1277 557 1360 viresque
573 1296 667 1354 suas,
682 1277 883 1360 hostemque
898 1282 1039 1357 secutus
1055 1302 1060 1309 ·
1109 1352 1112 1357 ,

151 1385 280 1469 Ocyus,
296 1387 341 1450 ad
356 1386 496 1450 Mundae
512 1386 632 1451 fatalia
646 1388 800 1471 pervenit
814 1378 908 1455 arva.
973 1436 977 1441 -
1012 1436 1015 1447 .

151 1496 272 1562 Castra
286 1498 379 1561 locat
392 1498 523 1562 tumulo
537 1497 686 1575 modico,
702 1499 762 1581 qui
777 1497 924 1583 desuper
937 1517 1076 1565 omnem

149 1608 329 1674 Planitiem
343 1610 411 1672 late
426 1609 615 1692 despectat,
631 1607 783 1673 Caesaris
797 1609 889 1675 uude
919 1668 945 1681 ..
980 1662 985 1673 ,
1112 1662 1115 1667 .

150 1717 239 1785 Ante
254 1720 376 1784 oculos
391 1721 525 1802 positas
540 1720 654 1801 potuit
666 1739 842 1783 numerare
858 1719 1043 1787 00uartes.-
1124 1770 1127 1775 -

195 1829 302 1894 Nulla
317 1830 373 1892 hio
389 1829 542 1910 auguria,
558 1833 618 1891 aut
631 1833 738 1892 tantae
750 1830 944 1911 praenuntia
955 1830 1070 1897 dadis
1096 1878 1100 1883 -
1119 1886 1123 1893 .
1144 1874 1147 1879 -

150 1937 313 2020 Prodigia
327 1939 507 2021 implerant
522 1956 665 2021 campos
679 1943 739 2003 aut
752 1958 853 2021 aera;
873 1940 1001 2007 nullaa-
1020 1984 1037 1993 -=
1060 1980 1063 1985 -
1124 1988 1129 1999 .
1162 1966 1167 1973 ·

149 2049 216 2116 Vel
230 2070 292 2134 per
305 2051 406 2113 inane
420 2048 528 2127 faces,
543 2049 599 2114 vel
613 2048 697 2113 dirae
712 2067 825 2127 arsere
839 2054 994 2117 cometm.
1232 2040 1237 2051 ’

150 2161 231 2225 Non
246 2161 352 2242 signis
368 2179 512 2235 examen
526 2180 642 2243 apum,
657 2160 890 2243 liquefactam¹
898 2162 975 2246 ¹pila
999 2202 1013 2239 :-

148 2269 324 2351 Fulmine3
346 2290 416 2333 non
430 2272 600 2348 volucres,
615 2286 686 2334 uon
700 2276 781 2335 exta
794 2272 944 2349 minacia
956 2277 1095 2351 terram.
1137 2318 1141 2325 -

146 2377 232 2442 Plus
246 2383 359 2441 tamen
372 2379 428 2442 hic
443 2383 586 2442 moerent
600 2398 730 2457 omnes,
744 2382 931 2465 metuitque
945 2382 1091 2449 silentes

146 2489 263 2553 Turba
278 2489 384 2567 Deos,
400 2495 562 2573 tanquam
576 2490 694 2554 clades
707 2492 886 2561 immanior
896 2493 993 2577 omni

146 2598 289 2663 Ostenta
304 2600 358 2663 his
374 2590 516 2683 campis,
532 2606 567 2664 et
580 2601 809 2679 inenarrabile·
820 2584 980 2667 damnum

148 2709 328 2776 Immineat
343 2708 495 2774 Mundae.
518 2710 623 2774 tacito
638 2715 795 2793 portenta
808 2713 952 2787 timore·
1008 2752 1013 2759 -
1116 2794 1119 2799 Ι

147 2820 236 2901 Quae
250 2821 336 2885 nulli
349 2818 461 2884 fecere
477 2819 603 2899 Deum,
619 2820 686 2883 sibi
702 2821 848 2905 quisque
863 2822 1013 2899 creabat.
1041 2868 1060 2879 .-
1082 2864 1088 2875 ι

147 2931 190 2996 In
205 2930 426 3014 Pompeianis
442 2951 503 3014 per
517 2936 643 2997 moesta
656 2931 941 3011 silantia-castris,
1113 2978 1118 2985 -

146 3041 327 3125 Ancipites
343 3047 454 3105 errant
468 3042 583 3105 animi
605 3060 696 3107 nunc
710 3043 868 3126 improba
880 3047 966 3121 vota
981 3114 984 3121 ,
1001 3114 1005 3121 ,

147 3152 367 3236 Concipiunt,
383 3157 418 3216 et
431 3171 513 3236 spes
528 3152 631 3231 diras,
646 3154 853 3237 umbrasque
866 3154 1034 3243 ridentur,
1065 3202 1084 3231 Ι.

145 3263 364 3347 Horridaque
379 3267 457 3327 ante
471 3263 593 3327 oculos
607 3263 727 3341 mortis
741 3263 949 3339 simulachra
961 3263 1087 3341 futurae
1112 3306 1129 3325 .-
1151 3294 1156 3313 =
1171 3326 1175 3333 .

143 3373 306 3440 cernere:
329 3375 503 3459 lymphata
516 3393 634 3439 mrsus
649 3373 1001 3459 formidinefanent3
1242 3426 1256 3433 ..

143 3483 231 3562 Nec,
248 3485 405 3568 quamvis
414 3502 558 3568 sperare
571 3485 674 3549 nimis
686 3484 825 3561 ,fortuna
838 3485 982 3557 vetabat·
1108 3528 1113 3537 -

146 3593 306 3672 Caesaris,
322 3600 489 3678 exoptant
502 3597 614 3661 victas
628 3594 818 3679 producere
833 3597 963 3675 vitas.
987 3636 1002 3655 .-
1040 3642 1055 3651 ..
1091 3616 1097 3623 ·
1183 3620 1209 3657 .·

46 3698 55 3713 ’
145 3702 271 3768 Danda
284 3709 398 3768 tamen
412 3707 514 3770 venia
528 3707 675 3784 astillia,
691 3726 771 3771 cum
786 3706 937 3787 Caesaris
951 3707 1070 3775 audax
1087 3748 1107 3787 .·.
1137 3792 1140 3797 Ι
1240 3732 1247 3757 ·-

144 3808 244 3876 Bella
256 3816 351 3878 timet
365 3816 475 3894 miles,
490 3816 626 3881 Latium
641 3817 701 3901 qui
714 3837 812 3901 saepfl
826 3837 985 3895 ‘imorem-
1024 3800 1044 3897 J
1134 3842 1167 3881 .··

105 3961 108 3967 -
144 3921 337 4004 Hauserat3
360 3931 394 3989 et
408 3928 529 4009 patriae
545 3929 647 3993 toties
655 3927 848 4007 inviscera
860 3927 993 3995 fortes·
1116 3950 1122 3979 τ
1212 3964 1221 3983 ·

143 4031 318 4117 Incipiunt
332 4037 501 4120 trepidare
515 4054 655 4115 manus..
667 4039 964 4115 eremitas-Orbis
1069 4078 1073 4083 ·
1230 4090 1253 4121 ,·.

143 4143 207 4209 Ille
221 4145 417 4230 triumphati
432 4148 589 4228 domitor,
605 4150 947 4236 uictorquessenatus
976 4222 979 4227 ,
1088 4190 1115 4219 ,ι
1163 4172 1179 4231 ς,
1214 4174 1264 4247 '··'.'

141 4253 300 4335 Romani,
317 4258 377 4342 qui
391 4263 461 4322 tam
475 4280 633 4348 praeceps
646 4263 791 4335 inbelle
802 4263 932 4339 ruisset
949 4330 962 4339 ,,
978 4284 1029 4341 222.
1049 4334 1054 4341 ,
1121 4334 1125 4341 ,
1156 4282 1266 4347 vrajss
1281 4318 1285 4325 .

140 4365 320 4446 Thessala,
335 4368 609 4457 Thapsiacisque
624 4393 731 4461 ausus
744 4378 948 4459 praevertere
962 4375 1097 4461 campis
1167 4354 1177 4363 ⁵
1214 4452 1219 4457 ¹
