<?xml version="1.0" encoding="UTF-8"?>
<!DOCTYPE html PUBLIC "-//W3C//DTD XHTML 1.0 Transitional//EN"
    "http://www.w3.org/TR/xhtml1/DTD/xhtml1-transitional.dtd">
<html xmlns="http://www.w3.org/1999/xhtml" xml:lang="en" lang="en">
 <head>
  <title>
</title>
<meta http-equiv="Content-Type" content="text/html;charset=utf-8" />
  <meta name='ocr-system' content='tesseract 3.04.00' />
  <meta name='ocr-capabilities' content='ocr_page ocr_carea ocr_par ocr_line ocrx_word'/>
</head>
<body>
  <div class='ocr_page' id='page_1' title='image "./mannaeuslucanus00grotgoog/mannaeuslucanus00grotgoog_0564.png"; bbox 0 0 2784 4860; ppageno 0'>
   <div class='ocr_carea' id='block_1_1' title="bbox 488 676 1001 770">
    <p class='ocr_par' dir='ltr' id='par_1_1' title="bbox 488 676 1001 770">
     <span class='ocr_line' id='line_1_1' title="bbox 488 676 1001 770; baseline 0.008 -3"><span class='ocrx_word' id='word_1_1' title='bbox 488 703 902 770; x_wconf 77' lang='lat' dir='ltr'><strong>suprnnmnuuurr</strong></span> <span class='ocrx_word' id='word_1_2' title='bbox 993 676 1001 687; x_wconf 82' lang='grc'><em>“</em></span> 
     </span>
    </p>
   </div>
   <div class='ocr_carea' id='block_1_2' title="bbox 399 975 1108 1080">
    <p class='ocr_par' dir='ltr' id='par_1_2' title="bbox 399 975 1108 1080">
     <span class='ocr_line' id='line_1_2' title="bbox 399 975 1108 1080; baseline -0.001 -4"><span class='ocrx_word' id='word_1_3' title='bbox 399 975 1108 1080; x_wconf 66' lang='lat' dir='ltr'><strong>LUCANI.⁴</strong></span> 
     </span>
    </p>
   </div>
   <div class='ocr_carea' id='block_1_3' title="bbox 527 1257 858 1324">
    <p class='ocr_par' dir='ltr' id='par_1_3' title="bbox 527 1257 858 1324">
     <span class='ocr_line' id='line_1_3' title="bbox 527 1257 858 1324; baseline 0.006 -13"><span class='ocrx_word' id='word_1_4' title='bbox 527 1257 650 1311; x_wconf 84' lang='lat' dir='ltr'>LIBER</span> <span class='ocrx_word' id='word_1_5' title='bbox 667 1258 858 1324; x_wconf 81' lang='lat' dir='ltr'><strong>QUARTUS.</strong></span> 
     </span>
    </p>
   </div>
   <div class='ocr_carea' id='block_1_4' title="bbox 139 1778 1117 4328">
    <p class='ocr_par' dir='ltr' id='par_1_4' title="bbox 141 1778 1026 2426">
     <span class='ocr_line' id='line_1_4' title="bbox 142 1778 1026 1888; baseline 0.012 -25"><span class='ocrx_word' id='word_1_6' title='bbox 142 1778 240 1864; x_wconf 78' lang='lat' dir='ltr'><strong>Nou</strong></span> <span class='ocrx_word' id='word_1_7' title='bbox 257 1802 392 1866; x_wconf 84' lang='lat' dir='ltr'><strong>funesta</strong></span> <span class='ocrx_word' id='word_1_8' title='bbox 404 1806 517 1867; x_wconf 88' lang='lat' dir='ltr'><strong>tamen</strong></span> <span class='ocrx_word' id='word_1_9' title='bbox 531 1804 647 1868; x_wconf 85' lang='lat' dir='ltr'><strong>clades</strong></span> <span class='ocrx_word' id='word_1_10' title='bbox 664 1821 751 1888; x_wconf 86' lang='lat' dir='ltr'><strong>quas</strong></span> <span class='ocrx_word' id='word_1_11' title='bbox 763 1807 892 1871; x_wconf 88' lang='lat' dir='ltr'><strong>fecerat</strong></span> <span class='ocrx_word' id='word_1_12' title='bbox 906 1826 1026 1874; x_wconf 80' lang='lat' dir='ltr'><strong>omnes</strong></span> 
     </span>
     <span class='ocr_line' id='line_1_5' title="bbox 141 1913 941 1998; baseline 0.006 -22"><span class='ocrx_word' id='word_1_13' title='bbox 141 1913 246 1976; x_wconf 86' lang='lat' dir='ltr'><strong>Terra</strong></span> <span class='ocrx_word' id='word_1_14' title='bbox 261 1914 354 1995; x_wconf 85' lang='lat' dir='ltr'><strong>capit</strong></span> <span class='ocrx_word' id='word_1_15' title='bbox 367 1913 520 1996; x_wconf 82' lang='lat' dir='ltr'><strong>Thapsi3</strong></span> <span class='ocrx_word' id='word_1_16' title='bbox 542 1919 690 1979; x_wconf 84' lang='lat' dir='ltr'><strong>tantaeve</strong></span> <span class='ocrx_word' id='word_1_17' title='bbox 700 1915 818 1998; x_wconf 68' lang='lat' dir='ltr'><strong>ssjacere</strong></span> <span class='ocrx_word' id='word_1_18' title='bbox 833 1916 941 1982; x_wconf 84' lang='lat' dir='ltr'><strong>ruinae</strong></span> 
     </span>
     <span class='ocr_line' id='line_1_6' title="bbox 143 2021 918 2110; baseline 0.009 -25"><span class='ocrx_word' id='word_1_19' title='bbox 143 2021 296 2103; x_wconf 87' lang='lat' dir='ltr'><strong>Angusto</strong></span> <span class='ocrx_word' id='word_1_20' title='bbox 312 2028 451 2105; x_wconf 89' lang='lat' dir='ltr'><strong>potuere</strong></span> <span class='ocrx_word' id='word_1_21' title='bbox 467 2024 557 2087; x_wconf 92' lang='lat' dir='ltr'><strong>loco.</strong></span> <span class='ocrx_word' id='word_1_22' title='bbox 581 2031 665 2106; x_wconf 90' lang='lat' dir='ltr'><strong>quot</strong></span> <span class='ocrx_word' id='word_1_23' title='bbox 678 2025 750 2090; x_wconf 80' lang='lat' dir='ltr'><strong>fata</strong></span> <span class='ocrx_word' id='word_1_24' title='bbox 764 2047 826 2110; x_wconf 91' lang='lat' dir='ltr'><strong>per</strong></span> <span class='ocrx_word' id='word_1_25' title='bbox 841 2046 918 2092; x_wconf 88' lang='lat' dir='ltr'><strong>oras</strong></span> 
     </span>
     <span class='ocr_line' id='line_1_7' title="bbox 141 2133 988 2223; baseline 0.015 -29"><span class='ocrx_word' id='word_1_26' title='bbox 141 2133 346 2215; x_wconf 87' lang='lat' dir='ltr'><strong>Thapsiacae</strong></span> <span class='ocrx_word' id='word_1_27' title='bbox 363 2138 523 2216; x_wconf 83' lang='lat' dir='ltr'><strong>spargent</strong></span> <span class='ocrx_word' id='word_1_28' title='bbox 536 2135 686 2215; x_wconf 89' lang='lat' dir='ltr'><strong>ingentia</strong></span> <span class='ocrx_word' id='word_1_29' title='bbox 699 2139 838 2204; x_wconf 84' lang='lat' dir='ltr'><strong>vulnera</strong></span> <span class='ocrx_word' id='word_1_30' title='bbox 852 2160 988 2223; x_wconf 84' lang='lat' dir='ltr'><strong>pugnae,</strong></span> 
     </span>
     <span class='ocr_line' id='line_1_8' title="bbox 143 2243 889 2329; baseline 0.016 -23"><span class='ocrx_word' id='word_1_31' title='bbox 143 2243 197 2308; x_wconf 89' lang='lat' dir='ltr'><strong>Ne</strong></span> <span class='ocrx_word' id='word_1_32' title='bbox 212 2265 281 2307; x_wconf 90' lang='lat' dir='ltr'><strong>non</strong></span> <span class='ocrx_word' id='word_1_33' title='bbox 296 2246 440 2310; x_wconf 90' lang='lat' dir='ltr'><strong>diversis</strong></span> <span class='ocrx_word' id='word_1_34' title='bbox 455 2246 581 2310; x_wconf 88' lang='lat' dir='ltr'><strong>famam</strong></span> <span class='ocrx_word' id='word_1_35' title='bbox 596 2250 791 2329; x_wconf 84' lang='lat' dir='ltr'>regionibus</span> <span class='ocrx_word' id='word_1_36' title='bbox 807 2253 889 2316; x_wconf 86' lang='lat' dir='ltr'><strong>olim</strong></span> 
     </span>
     <span class='ocr_line' id='line_1_9' title="bbox 144 2355 917 2426; baseline 0.014 -10"><span class='ocrx_word' id='word_1_37' title='bbox 144 2355 277 2420; x_wconf 85' lang='lat' dir='ltr'>Funera</span> <span class='ocrx_word' id='word_1_38' title='bbox 291 2363 458 2421; x_wconf 91' lang='lat' dir='ltr'><strong>tantorum</strong></span> <span class='ocrx_word' id='word_1_39' title='bbox 473 2359 603 2423; x_wconf 89' lang='lat' dir='ltr'><strong>faciant</strong></span> <span class='ocrx_word' id='word_1_40' title='bbox 617 2360 729 2425; x_wconf 87' lang='lat' dir='ltr'><strong>divisa</strong></span> <span class='ocrx_word' id='word_1_41' title='bbox 743 2362 917 2426; x_wconf 75' lang='lat' dir='ltr'><strong>viroruml</strong></span> 
     </span>
    </p>

    <p class='ocr_par' dir='ltr' id='par_1_5' title="bbox 139 2469 1117 4328">
     <span class='ocr_line' id='line_1_10' title="bbox 185 2469 1100 2553; baseline 0.007 -21"><span class='ocrx_word' id='word_1_42' title='bbox 185 2469 264 2532; x_wconf 83' lang='lat' dir='ltr'><strong>Rex</strong></span> <span class='ocrx_word' id='word_1_43' title='bbox 278 2469 300 2533; x_wconf 86' lang='lat' dir='ltr'><strong>J</strong></span> <span class='ocrx_word' id='word_1_44' title='bbox 302 2471 370 2533; x_wconf 85' lang='lat' dir='ltr'><strong>uba</strong></span> <span class='ocrx_word' id='word_1_45' title='bbox 385 2469 521 2534; x_wconf 80' lang='lat' dir='ltr'>Petreio</span> <span class='ocrx_word' id='word_1_46' title='bbox 538 2476 572 2535; x_wconf 91' lang='lat' dir='ltr'><strong>et</strong></span> <span class='ocrx_word' id='word_1_47' title='bbox 585 2472 710 2553; x_wconf 78' lang='lat' dir='ltr'><strong>paucis</strong></span> <span class='ocrx_word' id='word_1_48' title='bbox 724 2473 964 2538; x_wconf 79' lang='lat' dir='ltr'><strong>comitantibus</strong></span> <span class='ocrx_word' id='word_1_49' title='bbox 978 2474 1100 2538; x_wconf 90' lang='lat' dir='ltr'><strong>urbem</strong></span> 
     </span>
     <span class='ocr_line' id='line_1_11' title="bbox 142 2576 990 2665; baseline 0.011 -25"><span class='ocrx_word' id='word_1_50' title='bbox 142 2576 197 2641; x_wconf 84' lang='lat' dir='ltr'><strong>Ad</strong></span> <span class='ocrx_word' id='word_1_51' title='bbox 214 2579 355 2641; x_wconf 89' lang='lat' dir='ltr'><strong>Zamam</strong></span> <span class='ocrx_word' id='word_1_52' title='bbox 370 2579 506 2661; x_wconf 89' lang='lat' dir='ltr'><strong>Imperii</strong></span> <span class='ocrx_word' id='word_1_53' title='bbox 524 2581 651 2658; x_wconf 89' lang='lat' dir='ltr'><strong>sedem,</strong></span> <span class='ocrx_word' id='word_1_54' title='bbox 667 2602 735 2664; x_wconf 90' lang='lat' dir='ltr'><strong>qua</strong></span> <span class='ocrx_word' id='word_1_55' title='bbox 749 2584 893 2665; x_wconf 86' lang='lat' dir='ltr'><strong>pignora</strong></span> <span class='ocrx_word' id='word_1_56' title='bbox 907 2603 990 2648; x_wconf 81' lang='lat' dir='ltr'><strong>cara</strong></span> 
     </span>
     <span class='ocr_line' id='line_1_12' title="bbox 143 2687 979 2774; baseline 0.011 -24"><span class='ocrx_word' id='word_1_57' title='bbox 143 2687 344 2770; x_wconf 83' lang='lat' dir='ltr'><strong>Uxoresque</strong></span> <span class='ocrx_word' id='word_1_58' title='bbox 361 2708 453 2765; x_wconf 76' lang='lat' dir='ltr'><strong>suaS,</strong></span> <span class='ocrx_word' id='word_1_59' title='bbox 471 2709 641 2772; x_wconf 86' lang='lat' dir='ltr'><strong>gazasque</strong></span> <span class='ocrx_word' id='word_1_60' title='bbox 655 2692 837 2774; x_wconf 88' lang='lat' dir='ltr'><strong>reliquerat</strong></span> <span class='ocrx_word' id='word_1_61' title='bbox 851 2713 979 2771; x_wconf 77' lang='lat' dir='ltr'><strong>omnes,</strong></span> 
     </span>
     <span class='ocr_line' id='line_1_13' title="bbox 142 2797 934 2883; baseline 0.011 -24"><span class='ocrx_word' id='word_1_62' title='bbox 142 2797 291 2861; x_wconf 83' lang='lat' dir='ltr'><strong>Advenit</strong></span> <span class='ocrx_word' id='word_1_63' title='bbox 306 2798 437 2863; x_wconf 78' lang='lat' dir='ltr'><strong>infelix.</strong></span> <span class='ocrx_word' id='word_1_64' title='bbox 461 2800 522 2862; x_wconf 91' lang='lat' dir='ltr'><strong>sed</strong></span> <span class='ocrx_word' id='word_1_65' title='bbox 533 2799 607 2883; x_wconf 89' lang='lat' dir='ltr'><strong>jam</strong></span> <span class='ocrx_word' id='word_1_66' title='bbox 622 2801 774 2866; x_wconf 91' lang='lat' dir='ltr'><strong>clausere</strong></span> <span class='ocrx_word' id='word_1_67' title='bbox 789 2805 934 2868; x_wconf 89' lang='lat' dir='ltr'><strong>rebelles</strong></span> 
     </span>
     <span class='ocr_line' id='line_1_14' title="bbox 142 2909 931 2996; baseline 0.01 -25"><span class='ocrx_word' id='word_1_68' title='bbox 142 2910 328 2972; x_wconf 90' lang='lat' dir='ltr'><strong>Zamenses</strong></span> <span class='ocrx_word' id='word_1_69' title='bbox 345 2909 432 2991; x_wconf 85' lang='lat' dir='ltr'><strong>Regi</strong></span> <span class='ocrx_word' id='word_1_70' title='bbox 447 2917 576 2993; x_wconf 65' lang='lat' dir='ltr'><strong>portas</strong></span> <span class='ocrx_word' id='word_1_71' title='bbox 592 2913 753 2995; x_wconf 88' lang='lat' dir='ltr'><strong>victoque</strong></span> <span class='ocrx_word' id='word_1_72' title='bbox 767 2921 931 2996; x_wconf 87' lang='lat' dir='ltr'><strong>neganmt</strong></span> 
     </span>
     <span class='ocr_line' id='line_1_15' title="bbox 142 3021 846 3104; baseline 0.006 -21"><span class='ocrx_word' id='word_1_73' title='bbox 142 3021 314 3097; x_wconf 75' lang='lat' dir='ltr'><strong>IntroituS‚</strong></span> <span class='ocrx_word' id='word_1_74' title='bbox 332 3021 447 3083; x_wconf 92' lang='lat' dir='ltr'><strong>odium</strong></span> <span class='ocrx_word' id='word_1_75' title='bbox 463 3023 548 3085; x_wconf 85' lang='lat' dir='ltr'><strong>saevi</strong></span> <span class='ocrx_word' id='word_1_76' title='bbox 563 3024 699 3086; x_wconf 89' lang='lat' dir='ltr'><strong>crudele</strong></span> <span class='ocrx_word' id='word_1_77' title='bbox 714 3025 846 3104; x_wconf 88' lang='lat' dir='ltr'><strong>tyranni</strong></span> 
     </span>
     <span class='ocr_line' id='line_1_16' title="bbox 139 3129 825 3214; baseline 0.006 -22"><span class='ocrx_word' id='word_1_78' title='bbox 139 3129 227 3192; x_wconf 84' lang='lat' dir='ltr'><strong>Ausi</strong></span> <span class='ocrx_word' id='word_1_79' title='bbox 241 3132 376 3193; x_wconf 87' lang='lat' dir='ltr'><strong>fortuna</strong></span> <span class='ocrx_word' id='word_1_80' title='bbox 390 3132 526 3194; x_wconf 86' lang='lat' dir='ltr'><strong>tandem</strong></span> <span class='ocrx_word' id='word_1_81' title='bbox 541 3137 701 3214; x_wconf 88' lang='lat' dir='ltr'><strong>pereunte</strong></span> <span class='ocrx_word' id='word_1_82' title='bbox 716 3133 825 3196; x_wconf 86' lang='lat' dir='ltr'><strong>fateri.</strong></span> 
     </span>
     <span class='ocr_line' id='line_1_17' title="bbox 141 3240 1037 3322; baseline 0.008 -19"><span class='ocrx_word' id='word_1_83' title='bbox 141 3240 202 3303; x_wconf 92' lang='lat' dir='ltr'><strong>Nil</strong></span> <span class='ocrx_word' id='word_1_84' title='bbox 217 3242 387 3322; x_wconf 66' lang='lat' dir='ltr'><strong>precibus</strong></span> <span class='ocrx_word' id='word_1_85' title='bbox 403 3241 556 3306; x_wconf 89' lang='lat' dir='ltr'><strong>mistisve</strong></span> <span class='ocrx_word' id='word_1_86' title='bbox 571 3244 683 3320; x_wconf 88' lang='lat' dir='ltr'><strong>minis,</strong></span> <span class='ocrx_word' id='word_1_87' title='bbox 698 3243 836 3308; x_wconf 80' lang='lat' dir='ltr'><strong>vulture</strong></span> <span class='ocrx_word' id='word_1_88' title='bbox 850 3251 1037 3310; x_wconf 83' lang='lat' dir='ltr'><strong>moventrn.</strong></span> 
     </span>
     <span class='ocr_line' id='line_1_18' title="bbox 140 3351 933 3437; baseline 0.005 -23"><span class='ocrx_word' id='word_1_89' title='bbox 140 3351 280 3415; x_wconf 86' lang='lat' dir='ltr'><strong>Perdita</strong></span> <span class='ocrx_word' id='word_1_90' title='bbox 294 3353 457 3435; x_wconf 88' lang='lat' dir='ltr'><strong>majestas</strong></span> <span class='ocrx_word' id='word_1_91' title='bbox 472 3354 586 3432; x_wconf 88' lang='lat' dir='ltr'><strong>victo;</strong></span> <span class='ocrx_word' id='word_1_92' title='bbox 608 3353 792 3436; x_wconf 91' lang='lat' dir='ltr'><strong>penditque</strong></span> <span class='ocrx_word' id='word_1_93' title='bbox 807 3354 933 3437; x_wconf 81' lang='lat' dir='ltr'><strong>prioris</strong></span> 
     </span>
     <span class='ocr_line' id='line_1_19' title="bbox 139 3463 937 3547; baseline 0.003 -20"><span class='ocrx_word' id='word_1_94' title='bbox 139 3464 161 3527; x_wconf 89' lang='lat' dir='ltr'>J</span> <span class='ocrx_word' id='word_1_95' title='bbox 164 3483 219 3526; x_wconf 87' lang='lat' dir='ltr'><strong>am</strong></span> <span class='ocrx_word' id='word_1_96' title='bbox 231 3463 253 3525; x_wconf 88' lang='lat' dir='ltr'><strong>J</strong></span> <span class='ocrx_word' id='word_1_97' title='bbox 256 3465 324 3526; x_wconf 91' lang='lat' dir='ltr'><strong>uba</strong></span> <span class='ocrx_word' id='word_1_98' title='bbox 339 3464 481 3527; x_wconf 85' lang='lat' dir='ltr'><strong>saevitiae</strong></span> <span class='ocrx_word' id='word_1_99' title='bbox 498 3483 632 3546; x_wconf 87' lang='lat' dir='ltr'><strong>poenas.</strong></span> <span class='ocrx_word' id='word_1_100' title='bbox 656 3464 701 3528; x_wconf 90' lang='lat' dir='ltr'><strong>oh</strong></span> <span class='ocrx_word' id='word_1_101' title='bbox 716 3484 792 3528; x_wconf 90' lang='lat' dir='ltr'><strong>sera</strong></span> <span class='ocrx_word' id='word_1_102' title='bbox 805 3465 937 3547; x_wconf 88' lang='lat' dir='ltr'><strong>tyranni</strong></span> 
     </span>
     <span class='ocr_line' id='line_1_20' title="bbox 141 3573 1038 3656; baseline 0.004 -19"><span class='ocrx_word' id='word_1_103' title='bbox 141 3573 316 3655; x_wconf 84' lang='lat' dir='ltr'><strong>Cognitio!</strong></span> <span class='ocrx_word' id='word_1_104' title='bbox 341 3574 420 3637; x_wconf 92' lang='lat' dir='ltr'><strong>dum</strong></span> <span class='ocrx_word' id='word_1_105' title='bbox 434 3594 538 3656; x_wconf 87' lang='lat' dir='ltr'><strong>regna</strong></span> <span class='ocrx_word' id='word_1_106' title='bbox 551 3579 699 3653; x_wconf 86' lang='lat' dir='ltr'><strong>manent,</strong></span> <span class='ocrx_word' id='word_1_107' title='bbox 715 3594 752 3640; x_wconf 86' lang='lat' dir='ltr'><strong>se</strong></span> <span class='ocrx_word' id='word_1_108' title='bbox 765 3576 876 3640; x_wconf 91' lang='lat' dir='ltr'><strong>nescit</strong></span> <span class='ocrx_word' id='word_1_109' title='bbox 890 3581 1038 3641; x_wconf 89' lang='lat' dir='ltr'><strong>amatum</strong></span> 
     </span>
     <span class='ocr_line' id='line_1_21' title="bbox 141 3685 850 3752; baseline 0.006 -5"><span class='ocrx_word' id='word_1_110' title='bbox 141 3685 336 3749; x_wconf 88' lang='lat' dir='ltr'><strong>Invisumve</strong></span> <span class='ocrx_word' id='word_1_111' title='bbox 353 3686 435 3749; x_wconf 78' lang='lat' dir='ltr'><strong>suis,</strong></span> <span class='ocrx_word' id='word_1_112' title='bbox 460 3686 601 3751; x_wconf 90' lang='lat' dir='ltr'><strong>affectus</strong></span> <span class='ocrx_word' id='word_1_113' title='bbox 617 3687 693 3750; x_wconf 86' lang='lat' dir='ltr'><strong>sola</strong></span> <span class='ocrx_word' id='word_1_114' title='bbox 707 3687 850 3752; x_wconf 88' lang='lat' dir='ltr'><strong>latentes</strong></span> 
     </span>
     <span class='ocr_line' id='line_1_22' title="bbox 140 3797 972 3882; baseline 0.002 -20"><span class='ocrx_word' id='word_1_115' title='bbox 140 3799 320 3862; x_wconf 84' lang='lat' dir='ltr'><strong>Servorum</strong></span> <span class='ocrx_word' id='word_1_116' title='bbox 335 3799 455 3882; x_wconf 89' lang='lat' dir='ltr'><strong>pandit</strong></span> <span class='ocrx_word' id='word_1_117' title='bbox 471 3799 621 3863; x_wconf 82' lang='lat' dir='ltr'><strong>Fortrma</strong></span> <span class='ocrx_word' id='word_1_118' title='bbox 636 3797 800 3863; x_wconf 86' lang='lat' dir='ltr'><strong>adversa:</strong></span> <span class='ocrx_word' id='word_1_119' title='bbox 824 3799 885 3864; x_wconf 88' lang='lat' dir='ltr'><strong>sed</strong></span> <span class='ocrx_word' id='word_1_120' title='bbox 900 3800 972 3877; x_wconf 88' lang='lat' dir='ltr'><strong>illa,</strong></span> 
     </span>
     <span class='ocr_line' id='line_1_23' title="bbox 139 3907 1117 3995; baseline 0.006 -23"><span class='ocrx_word' id='word_1_121' title='bbox 139 3907 227 3987; x_wconf 79' lang='lat' dir='ltr'><strong>Quae</strong></span> <span class='ocrx_word' id='word_1_122' title='bbox 243 3915 322 3992; x_wconf 87' lang='lat' dir='ltr'><strong>post</strong></span> <span class='ocrx_word' id='word_1_123' title='bbox 335 3931 439 3992; x_wconf 89' lang='lat' dir='ltr'><strong>regna</strong></span> <span class='ocrx_word' id='word_1_124' title='bbox 452 3910 555 3987; x_wconf 88' lang='lat' dir='ltr'><strong>venit,</strong></span> <span class='ocrx_word' id='word_1_125' title='bbox 581 3911 637 3975; x_wconf 92' lang='lat' dir='ltr'><strong>cui</strong></span> <span class='ocrx_word' id='word_1_126' title='bbox 651 3911 745 3975; x_wconf 88' lang='lat' dir='ltr'><strong>nulla</strong></span> <span class='ocrx_word' id='word_1_127' title='bbox 755 3912 909 3993; x_wconf 87' lang='lat' dir='ltr'><strong>potentia</strong></span> <span class='ocrx_word' id='word_1_128' title='bbox 917 3911 1039 3995; x_wconf 82' lang='lat' dir='ltr'><strong>juncta</strong></span> <span class='ocrx_word' id='word_1_129' title='bbox 1053 3920 1117 3992; x_wconf 83' lang='lat' dir='ltr'><strong>est,</strong></span> 
     </span>
     <span class='ocr_line' id='line_1_24' title="bbox 141 4018 1001 4105; baseline 0.008 -23"><span class='ocrx_word' id='word_1_130' title='bbox 141 4018 298 4102; x_wconf 88' lang='lat' dir='ltr'><strong>Cognitio</strong></span> <span class='ocrx_word' id='word_1_131' title='bbox 313 4026 447 4104; x_wconf 88' lang='lat' dir='ltr'><strong>torquet</strong></span> <span class='ocrx_word' id='word_1_132' title='bbox 460 4021 602 4085; x_wconf 81' lang='lat' dir='ltr'><strong>miseros</strong></span> <span class='ocrx_word' id='word_1_133' title='bbox 615 4041 624 4101; x_wconf 93' lang='lat'>;</span> <span class='ocrx_word' id='word_1_134' title='bbox 646 4041 710 4086; x_wconf 88' lang='lat' dir='ltr'><strong>nec</strong></span> <span class='ocrx_word' id='word_1_135' title='bbox 724 4021 864 4086; x_wconf 89' lang='lat' dir='ltr'><strong>reddere</strong></span> <span class='ocrx_word' id='word_1_136' title='bbox 880 4029 1001 4105; x_wconf 83' lang='lat' dir='ltr'><strong>grates,</strong></span> 
     </span>
     <span class='ocr_line' id='line_1_25' title="bbox 141 4130 939 4217; baseline 0.006 -23"><span class='ocrx_word' id='word_1_137' title='bbox 141 4130 216 4195; x_wconf 91' lang='lat' dir='ltr'><strong>Nec</strong></span> <span class='ocrx_word' id='word_1_138' title='bbox 232 4132 313 4195; x_wconf 92' lang='lat' dir='ltr'><strong>licet</strong></span> <span class='ocrx_word' id='word_1_139' title='bbox 328 4133 459 4197; x_wconf 90' lang='lat' dir='ltr'><strong>ulcisci.</strong></span> <span class='ocrx_word' id='word_1_140' title='bbox 475 4152 570 4196; x_wconf 87' lang='lat' dir='ltr'><strong>seros</strong></span> <span class='ocrx_word' id='word_1_141' title='bbox 584 4130 635 4217; x_wconf 88' lang='lat' dir='ltr'><strong>(et</strong></span> <span class='ocrx_word' id='word_1_142' title='bbox 648 4151 717 4196; x_wconf 93' lang='lat' dir='ltr'><strong>non</strong></span> <span class='ocrx_word' id='word_1_143' title='bbox 732 4133 798 4196; x_wconf 90' lang='lat' dir='ltr'><strong>nisi</strong></span> <span class='ocrx_word' id='word_1_144' title='bbox 810 4137 939 4198; x_wconf 90' lang='lat' dir='ltr'><strong>tantum</strong></span> 
     </span>
     <span class='ocr_line' id='line_1_26' title="bbox 141 4241 947 4328; baseline 0.004 -23"><span class='ocrx_word' id='word_1_145' title='bbox 141 4241 189 4305; x_wconf 89' lang='lat' dir='ltr'><strong>Ut</strong></span> <span class='ocrx_word' id='word_1_146' title='bbox 201 4241 353 4327; x_wconf 91' lang='lat' dir='ltr'><strong>doleant)</strong></span> <span class='ocrx_word' id='word_1_147' title='bbox 367 4245 487 4309; x_wconf 82' lang='lat' dir='ltr'><strong>oculos</strong></span> <span class='ocrx_word' id='word_1_148' title='bbox 498 4244 609 4327; x_wconf 86' lang='lat' dir='ltr'><strong>aperit</strong></span> <span class='ocrx_word' id='word_1_149' title='bbox 623 4243 773 4308; x_wconf 85' lang='lat' dir='ltr'><strong>Fortuna</strong></span> <span class='ocrx_word' id='word_1_150' title='bbox 785 4244 947 4328; x_wconf 82' lang='lat' dir='ltr'><strong>tyrannis.</strong></span> 
     </span>
    </p>
   </div>
   <div class='ocr_carea' id='block_1_5' title="bbox 0 0 1396 4860">
    <p class='ocr_par' dir='ltr' id='par_1_6' title="bbox 0 0 1396 4860">
     <span class='ocr_line' id='line_1_27' title="bbox 0 0 1396 4860; baseline 0 0"><span class='ocrx_word' id='word_1_151' title='bbox 0 0 1396 4860; x_wconf 95' lang='lat' dir='ltr'><strong> </strong></span> 
     </span>
    </p>
   </div>
  </div>
 </body>
</html>
