2784 4860
137 344 204 415 622
431 342 946 417 SUPPLEMENTUH

139 520 244 587 Victa
256 521 349 602 licet,
363 522 513 589 nondum
525 523 626 589 latia
639 528 693 588 est
705 521 886 606 provincia
898 519 1007 595 nen,

138 632 207 696 Sed
223 634 531 719 sceptro-subjecta
543 632 674 719 munet)
693 634 889 716 veritusque
900 626 1068 697 rebellem

140 741 315 808 Niliacum
330 745 443 809 subito
457 744 635 829 populum,
651 745 682 808 si
695 762 801 827 regua
813 746 943 807 teneret

140 850 307 930 Foemina,
324 852 404 917 dum
419 855 534 938 stirpis
549 853 686 937 Lagaeae
699 854 856 919 mascula
869 851 985 935 proles
1125 930 1130 937 .

139 960 246 1027 Vivat
260 963 383 1039 adhuc,
399 983 541 1046 puerum
561 963 787 1027 Ptolemaeum
800 964 909 1025 lustra
921 960 1101 1027 videntem
1192 994 1195 999 ·

139 1070 212 1136 Vix
226 1072 319 1151 bina,
335 1070 512 1150 Arsinoes,
527 1090 632 1156 quam
647 1071 792 1136 duxerat
804 1077 895 1148 aute,
911 1070 1042 1135 sororis

139 1178 308 1266 Conjugio
323 1170 481 1247 avulsum
495 1179 689 1264 Cleopatrae
700 1179 824 1264 jungit,
838 1178 985 1245 atilium
1064 1240 1068 1245 .

139 1279 474 1355 Immaturum-annis
488 1289 616 1355 Phario
631 1289 823 1354 diademate
838 1289 955 1372 cingit.

141 1398 244 1465 Hunc
260 1400 546 1484 vocatAEgyptus
561 1399 703 1483 Regem,
719 1397 904 1483 Cleopatra
913 1398 1096 1478 meritum

142 1507 369 1592 Defunctique
383 1510 499 1575 locum
511 1509 625 1574 fratris
640 1508 801 1593 supplere
817 1508 949 1574 videtur

140 1615 309 1702 Conjugio
324 1625 358 1683 et
372 1639 488 1703 regno.
508 1619 591 1702 quid
605 1624 729 1703 praeter
741 1618 882 1683 nomina
893 1636 987 1684 vene

140 1725 311 1812 Conjugii,
326 1732 498 1813 regnique,
513 1748 599 1814 puer
611 1728 814 1807 miserande,
828 1729 985 1795 tenebiat
1013 1762 1017 1769 ·

142 1836 236 1917 Quid
250 1846 373 1923 praeter
387 1841 516 1918 titulos,
542 1841 726 1905 thalamum
741 1839 823 1905 dum
836 1838 956 1907 Caesar
970 1840 1108 1909 adulter

141 1946 312 2027 Possidet,
329 1955 363 2014 et
376 1968 515 2034 regnum
530 1950 659 2036 conjux
673 1949 858 2036 Cleopatra
870 1952 1062 2036 gubernati

142 2059 218 2124 Nec
232 2059 350 2125 rivalis
365 2061 476 2127 adhuc
492 2063 566 2126 fieri
579 2061 768 2146 puerilibus
782 2061 882 2126 annis
937 2124 945 2137 ,

142 2166 335 2236 Coesareive
350 2176 450 2255 potes
464 2171 616 2251 thalami,
630 2172 768 2256 regnive
783 2170 922 2237 sororis.

142 2278 211 2345 Sed
225 2285 341 2346 tenera
355 2282 489 2365 poteris
498 2281 585 2346 felix
598 2286 700 2347 oetate
711 2282 832 2360 videri,

142 2387 222 2469 Qua
237 2410 306 2456 non
320 2391 444 2457 incesti
460 2410 648 2475 cognosces
664 2394 790 2477 gaudia
809 2394 903 2471 lecti,

143 2502 387 2589 Obscoenoque
403 2514 522 2570 carens
536 2505 658 2583 fructu,
672 2524 835 2589 noxaque
846 2502 989 2571 carebis.
1132 2566 1136 2571 .

143 2614 348 2700 Conjugium
360 2617 545 2683 innocuum
558 2617 669 2701 magis
682 2616 749 2682 boo
764 2621 828 2692 est,
845 2633 914 2699 quo
928 2615 1043 2681 minue
1058 2620 1199 2701 aptum

142 2725 307 2810 Conjugis
321 2727 444 2792 incesti
458 2729 532 2792 sine
548 2727 686 2793 crimine
696 2748 821 2794 nomen
830 2726 987 2804 babebis,

143 2836 187 2902 Et
202 2838 275 2901 sine
291 2859 444 2902 curarum
458 2839 619 2904 retinebis
634 2839 785 2924 pondere
794 2856 946 2921 regnum.

188 2946 353 3011 Humeuti
369 2946 453 3010 Nox
464 2951 537 3009 atra
550 2949 653 3028 polos
668 2940 857 3016 involuerat
869 2950 1000 3024 umbra,
1077 2984 1081 2989 ·

144 3057 253 3141 Inque
267 3057 379 3121 vicem
387 3054 519 3119 Phoebi
532 3056 709 3123 redeuntia
722 3059 837 3123 sidera
850 3057 933 3124 coeli
1022 3060 1030 3071 '

145 3167 312 3232 Ornurnnt
325 3164 419 3229 varie
432 3164 570 3240 faciem,
593 3182 671 3229 cum
691 3174 814 3249 capms
830 3174 944 3233 amore

144 3277 271 3343 Illicito
288 3277 420 3342 Ductor
434 3274 566 3351 lautius,
580 3274 729 3358 vinoque
745 3275 889 3354 solutus,
1018 3296 1025 3301 ·
1124 3344 1128 3349 ,

145 3389 315 3456 Dulcibus
330 3385 483 3470 indulget
495 3384 597 3462 votis,
612 3384 817 3468 tandemque
831 3387 949 3471 cupito
1043 3422 1047 3427 ·
1164 3418 1168 3425 ·

145 3501 289 3584 Reginae
304 3499 423 3564 fruitur
436 3497 599 3574 thalamo,
612 3493 841 3581 pulcherrima
851 3492 958 3561 lecti·
1159 3491 1165 3503 ”

145 3611 285 3678 Gaudia
297 3610 493 3693 degustans.
507 3602 795 3671 tautum-suadere
809 3607 997 3686 potesnr,=

143 3722 327 3805 Donaque,
343 3723 378 3784 et
389 3717 530 3783 illustris
541 3718 713 3800 gestarum
727 3712 836 3796 gloria
848 3730 960 3779 rernm

145 3833 332 3898 Foemineae
346 3832 504 3915 poterant
516 3825 632 3892 menti.
646 3842 712 3888 uec
724 3822 851 3890 crimen
861 3822 976 3891 inem
1047 3860 1050 3865 ·

145 3941 339 4008 Concubitu
352 3939 493 4003 nimium
502 3937 576 4015 tali,
592 3932 788 4018 Cleopatra,
799 3932 969 4017 putabunt
1112 3952 1115 3957 ·
1178 3966 1185 3975 ·

145 4051 215 4133 Qui
233 4050 497 4115 Ptolemaeum
510 4044 692 4120 Menos,
707 4036 940 4129 consuetaque
946 4041 1028 4127 jura
1092 4078 1098 4089 ·
1142 4082 1178 4113 ,-‚

144 4160 292 4227 Incestae
307 4176 432 4223 novere
447 4153 800 4238 demandatamque
814 4152 924 4219 sorori
1008 4216 1012 4221 .

145 4250 313 4355 Conjugio
322 4266 489 4352 junctum,
504 4282 615 4356 sacres
629 4262 694 4335 sub
708 4260 844 4327 nornine
858 4260 948 4337 tedae
1052 4278 1056 4287 ·
