<?xml version="1.0" encoding="UTF-8"?>
<!DOCTYPE html PUBLIC "-//W3C//DTD XHTML 1.0 Transitional//EN"
    "http://www.w3.org/TR/xhtml1/DTD/xhtml1-transitional.dtd">
<html xmlns="http://www.w3.org/1999/xhtml" xml:lang="en" lang="en">
 <head>
  <title>
</title>
<meta http-equiv="Content-Type" content="text/html;charset=utf-8" />
  <meta name='ocr-system' content='tesseract 3.04.00' />
  <meta name='ocr-capabilities' content='ocr_page ocr_carea ocr_par ocr_line ocrx_word'/>
</head>
<body>
  <div class='ocr_page' id='page_1' title='image "./mannaeuslucanus00grotgoog/mannaeuslucanus00grotgoog_0560.png"; bbox 0 0 2784 4860; ppageno 0'>
   <div class='ocr_carea' id='block_1_1' title="bbox 440 341 1018 439">
    <p class='ocr_par' dir='ltr' id='par_1_1' title="bbox 440 341 1018 439">
     <span class='ocr_line' id='line_1_1' title="bbox 440 341 1018 439; baseline 0.007 -4"><span class='ocrx_word' id='word_1_1' title='bbox 440 341 827 438; x_wconf 67' lang='lat' dir='ltr'><strong>incuuarre.</strong></span> <span class='ocrx_word' id='word_1_2' title='bbox 865 349 965 439; x_wconf 57' lang='lat'><strong>111(</strong></span> <span class='ocrx_word' id='word_1_3' title='bbox 1013 375 1018 382; x_wconf 89' lang='lat'><strong>·</strong></span> 
     </span>
    </p>
   </div>
   <div class='ocr_carea' id='block_1_2' title="bbox 141 541 1097 739">
    <p class='ocr_par' dir='ltr' id='par_1_2' title="bbox 141 541 1097 739">
     <span class='ocr_line' id='line_1_2' title="bbox 141 541 975 626; baseline 0.007 -20"><span class='ocrx_word' id='word_1_4' title='bbox 141 541 197 607; x_wconf 80' lang='lat' dir='ltr'><strong>lix</strong></span> <span class='ocrx_word' id='word_1_5' title='bbox 211 542 287 607; x_wconf 88' lang='lat' dir='ltr'><strong>acie</strong></span> <span class='ocrx_word' id='word_1_6' title='bbox 301 543 438 608; x_wconf 90' lang='lat' dir='ltr'><strong>tandem</strong></span> <span class='ocrx_word' id='word_1_7' title='bbox 452 543 594 626; x_wconf 76' lang='lat' dir='ltr'>Libycae</span> <span class='ocrx_word' id='word_1_8' title='bbox 608 542 724 626; x_wconf 82' lang='lat' dir='ltr'><strong>fugere</strong></span> <span class='ocrx_word' id='word_1_9' title='bbox 739 545 896 611; x_wconf 85' lang='lat' dir='ltr'><strong>cobortes</strong></span> <span class='ocrx_word' id='word_1_10' title='bbox 971 592 975 598; x_wconf 86' lang='lat'>-</span> 
     </span>
     <span class='ocr_line' id='line_1_3' title="bbox 141 654 1097 739; baseline 0.004 -20"><span class='ocrx_word' id='word_1_11' title='bbox 141 654 231 734; x_wconf 85' lang='lat' dir='ltr'><strong>Quae</strong></span> <span class='ocrx_word' id='word_1_12' title='bbox 247 655 334 720; x_wconf 90' lang='lat' dir='ltr'><strong>duce</strong></span> <span class='ocrx_word' id='word_1_13' title='bbox 350 656 413 719; x_wconf 92' lang='lat' dir='ltr'><strong>sub</strong></span> <span class='ocrx_word' id='word_1_14' title='bbox 428 654 523 718; x_wconf 90' lang='lat' dir='ltr'><strong>Varo</strong></span> <span class='ocrx_word' id='word_1_15' title='bbox 539 659 718 736; x_wconf 82' lang='lat' dir='ltr'><strong>steterant3</strong></span> <span class='ocrx_word' id='word_1_16' title='bbox 741 656 822 721; x_wconf 87' lang='lat' dir='ltr'><strong>dare</strong></span> <span class='ocrx_word' id='word_1_17' title='bbox 843 661 939 739; x_wconf 81' lang='lat' dir='ltr'><strong>terga</strong></span> <span class='ocrx_word' id='word_1_18' title='bbox 953 662 1097 723; x_wconf 86' lang='lat' dir='ltr'><strong>coaetus</strong></span> 
     </span>
    </p>
   </div>
   <div class='ocr_carea' id='block_1_3' title="bbox 142 765 1134 851">
    <p class='ocr_par' dir='ltr' id='par_1_3' title="bbox 142 765 1134 851">
     <span class='ocr_line' id='line_1_4' title="bbox 142 765 1134 851; baseline 0.002 -21"><span class='ocrx_word' id='word_1_19' title='bbox 142 766 226 831; x_wconf 85' lang='lat' dir='ltr'><strong>Dux</strong></span> <span class='ocrx_word' id='word_1_20' title='bbox 240 767 361 847; x_wconf 84' lang='lat' dir='ltr'><strong>simu13</strong></span> <span class='ocrx_word' id='word_1_21' title='bbox 384 772 418 832; x_wconf 92' lang='lat' dir='ltr'><strong>et</strong></span> <span class='ocrx_word' id='word_1_22' title='bbox 431 771 469 830; x_wconf 91' lang='lat' dir='ltr'><strong>tu</strong></span> <span class='ocrx_word' id='word_1_23' title='bbox 483 765 671 842; x_wconf 83' lang='lat' dir='ltr'><strong>Gallorum,</strong></span> <span class='ocrx_word' id='word_1_24' title='bbox 687 765 854 851; x_wconf 80' lang='lat' dir='ltr'><strong>Labiene,</strong></span> <span class='ocrx_word' id='word_1_25' title='bbox 863 769 998 832; x_wconf 85' lang='lat' dir='ltr'><strong>tuorum</strong></span> <span class='ocrx_word' id='word_1_26' title='bbox 1126 804 1134 817; x_wconf 91' lang='lat'>·</span> 
     </span>
    </p>
   </div>
   <div class='ocr_carea' id='block_1_4' title="bbox 140 873 1095 1408">
    <p class='ocr_par' dir='ltr' id='par_1_4' title="bbox 140 873 1095 1290">
     <span class='ocr_line' id='line_1_5' title="bbox 142 873 1025 960; baseline 0 -20"><span class='ocrx_word' id='word_1_27' title='bbox 142 876 297 960; x_wconf 83' lang='lat' dir='ltr'>Corpora</span> <span class='ocrx_word' id='word_1_28' title='bbox 312 895 404 941; x_wconf 87' lang='lat' dir='ltr'><strong>caesa</strong></span> <span class='ocrx_word' id='word_1_29' title='bbox 422 876 551 952; x_wconf 70' lang='lat' dir='ltr'><strong>videns»,</strong></span> <span class='ocrx_word' id='word_1_30' title='bbox 567 873 699 957; x_wconf 84' lang='lat' dir='ltr'><strong>Thapsi</strong></span> <span class='ocrx_word' id='word_1_31' title='bbox 713 875 849 941; x_wconf 82' lang='lat' dir='ltr'><strong>funesta</strong></span> <span class='ocrx_word' id='word_1_32' title='bbox 862 875 1025 960; x_wconf 85' lang='lat' dir='ltr'><strong>relinquis</strong></span> 
     </span>
     <span class='ocr_line' id='line_1_6' title="bbox 140 986 998 1071; baseline 0.001 -19"><span class='ocrx_word' id='word_1_33' title='bbox 140 987 235 1054; x_wconf 83' lang='lat' dir='ltr'><strong>Arva</strong></span> <span class='ocrx_word' id='word_1_34' title='bbox 250 1009 406 1071; x_wconf 82' lang='lat' dir='ltr'><strong>gemens3</strong></span> <span class='ocrx_word' id='word_1_35' title='bbox 430 987 507 1051; x_wconf 91' lang='lat' dir='ltr'><strong>aliis</strong></span> <span class='ocrx_word' id='word_1_36' title='bbox 522 987 658 1051; x_wconf 91' lang='lat' dir='ltr'><strong>demum</strong></span> <span class='ocrx_word' id='word_1_37' title='bbox 673 986 833 1052; x_wconf 84' lang='lat' dir='ltr'><strong>civilibus</strong></span> <span class='ocrx_word' id='word_1_38' title='bbox 847 987 964 1066; x_wconf 84' lang='lat' dir='ltr'><strong>armis,</strong></span> <span class='ocrx_word' id='word_1_39' title='bbox 996 1020 998 1025; x_wconf 89' lang='lat'><em>·</em></span> 
     </span>
     <span class='ocr_line' id='line_1_7' title="bbox 140 1091 1095 1182; baseline 0.001 -19"><span class='ocrx_word' id='word_1_40' title='bbox 140 1098 375 1182; x_wconf 81' lang='lat' dir='ltr'><strong>Romanisque</strong></span> <span class='ocrx_word' id='word_1_41' title='bbox 388 1099 509 1162; x_wconf 88' lang='lat' dir='ltr'><strong>iterum</strong></span> <span class='ocrx_word' id='word_1_42' title='bbox 524 1095 657 1162; x_wconf 85' lang='lat' dir='ltr'><strong>servale</strong></span> <span class='ocrx_word' id='word_1_43' title='bbox 670 1091 861 1177; x_wconf 77' lang='lat' dir='ltr'><strong>finonbus3</strong></span> <span class='ocrx_word' id='word_1_44' title='bbox 882 1116 968 1164; x_wconf 85' lang='lat' dir='ltr'><strong>arvo</strong></span> <span class='ocrx_word' id='word_1_45' title='bbox 1087 1119 1095 1131; x_wconf 50' lang='lat' dir='ltr'><strong><em>s</em></strong></span> 
     </span>
     <span class='ocr_line' id='line_1_8' title="bbox 141 1207 964 1290; baseline 0.002 -18"><span class='ocrx_word' id='word_1_46' title='bbox 141 1207 228 1272; x_wconf 88' lang='lat' dir='ltr'><strong>Pars</strong></span> <span class='ocrx_word' id='word_1_47' title='bbox 244 1210 352 1273; x_wconf 86' lang='lat' dir='ltr'><strong>Latiae</strong></span> <span class='ocrx_word' id='word_1_48' title='bbox 368 1209 478 1272; x_wconf 89' lang='lat' dir='ltr'><strong>cladis</strong></span> <span class='ocrx_word' id='word_1_49' title='bbox 494 1207 670 1272; x_wconf 90' lang='lat' dir='ltr'><strong>Mundano</strong></span> <span class='ocrx_word' id='word_1_50' title='bbox 685 1225 808 1289; x_wconf 83' lang='lat' dir='ltr'><strong>magna</strong></span> <span class='ocrx_word' id='word_1_51' title='bbox 816 1207 964 1290; x_wconf 86' lang='lat' dir='ltr'><strong>jacebis.</strong></span> 
     </span>
    </p>

    <p class='ocr_par' dir='ltr' id='par_1_5' title="bbox 142 1316 1001 1408">
     <span class='ocr_line' id='line_1_9' title="bbox 142 1316 1001 1408; baseline 0.001 -23"><span class='ocrx_word' id='word_1_52' title='bbox 142 1321 219 1386; x_wconf 90' lang='lat' dir='ltr'><strong>Nec</strong></span> <span class='ocrx_word' id='word_1_53' title='bbox 234 1321 305 1386; x_wconf 90' lang='lat' dir='ltr'><strong>fato</strong></span> <span class='ocrx_word' id='word_1_54' title='bbox 322 1321 506 1387; x_wconf 88' lang='lat' dir='ltr'><strong>occumbes</strong></span> <span class='ocrx_word' id='word_1_55' title='bbox 519 1318 697 1405; x_wconf 88' lang='lat' dir='ltr'><strong>(acerrime</strong></span> <span class='ocrx_word' id='word_1_56' title='bbox 711 1316 859 1385; x_wconf 74' lang='lat' dir='ltr'><strong>Caesaris</strong></span> <span class='ocrx_word' id='word_1_57' title='bbox 873 1318 1001 1408; x_wconf 88' lang='lat' dir='ltr'><strong>hostis)</strong></span> 
     </span>
    </p>
   </div>
   <div class='ocr_carea' id='block_1_5' title="bbox 143 1427 1148 1516">
    <p class='ocr_par' dir='ltr' id='par_1_6' title="bbox 143 1427 1148 1516">
     <span class='ocr_line' id='line_1_10' title="bbox 143 1427 1148 1516; baseline 0 -20"><span class='ocrx_word' id='word_1_58' title='bbox 143 1433 235 1497; x_wconf 91' lang='lat' dir='ltr'><strong>Dum</strong></span> <span class='ocrx_word' id='word_1_59' title='bbox 250 1435 342 1516; x_wconf 91' lang='lat' dir='ltr'><strong>potis</strong></span> <span class='ocrx_word' id='word_1_60' title='bbox 358 1439 411 1497; x_wconf 91' lang='lat' dir='ltr'><strong>est</strong></span> <span class='ocrx_word' id='word_1_61' title='bbox 426 1436 554 1497; x_wconf 86' lang='lat' dir='ltr'><strong>certare</strong></span> <span class='ocrx_word' id='word_1_62' title='bbox 568 1449 632 1494; x_wconf 91' lang='lat' dir='ltr'><strong>suo</strong></span> <span class='ocrx_word' id='word_1_63' title='bbox 648 1448 726 1493; x_wconf 89' lang='lat' dir='ltr'><strong>cum</strong></span> <span class='ocrx_word' id='word_1_64' title='bbox 739 1427 878 1495; x_wconf 79' lang='lat' dir='ltr'><strong>Caesare</strong></span> <span class='ocrx_word' id='word_1_65' title='bbox 893 1430 1018 1496; x_wconf 88' lang='lat' dir='ltr'><strong>Roma.</strong></span> <span class='ocrx_word' id='word_1_66' title='bbox 1145 1458 1148 1465; x_wconf 92' lang='lat'>·</span> 
     </span>
    </p>
   </div>
   <div class='ocr_carea' id='block_1_6' title="bbox 141 1541 1074 2071">
    <p class='ocr_par' dir='ltr' id='par_1_7' title="bbox 141 1541 1074 1958">
     <span class='ocr_line' id='line_1_11' title="bbox 186 1541 1018 1627; baseline 0 -19"><span class='ocrx_word' id='word_1_67' title='bbox 186 1545 305 1627; x_wconf 87' lang='lat' dir='ltr'>Scipio</span> <span class='ocrx_word' id='word_1_68' title='bbox 320 1550 357 1608; x_wconf 93' lang='lat' dir='ltr'><strong>ut</strong></span> <span class='ocrx_word' id='word_1_69' title='bbox 372 1545 534 1608; x_wconf 85' lang='lat' dir='ltr'><strong>adversas</strong></span> <span class='ocrx_word' id='word_1_70' title='bbox 548 1541 641 1606; x_wconf 87' lang='lat' dir='ltr'><strong>videt</strong></span> <span class='ocrx_word' id='word_1_71' title='bbox 654 1541 904 1607; x_wconf 76' lang='lat' dir='ltr'><strong>increbrescere</strong></span> <span class='ocrx_word' id='word_1_72' title='bbox 917 1542 1018 1621; x_wconf 79' lang='lat' dir='ltr'><strong>vires,</strong></span> 
     </span>
     <span class='ocr_line' id='line_1_12' title="bbox 143 1651 1074 1736; baseline -0.002 -17"><span class='ocrx_word' id='word_1_73' title='bbox 143 1654 378 1736; x_wconf 74' lang='lat' dir='ltr'><strong>cedentesque</strong></span> <span class='ocrx_word' id='word_1_74' title='bbox 394 1673 487 1729; x_wconf 78' lang='lat' dir='ltr'><strong>suae,</strong></span> <span class='ocrx_word' id='word_1_75' title='bbox 502 1672 565 1716; x_wconf 90' lang='lat' dir='ltr'><strong>nec</strong></span> <span class='ocrx_word' id='word_1_76' title='bbox 576 1652 650 1735; x_wconf 87' lang='lat' dir='ltr'><strong>jam</strong></span> <span class='ocrx_word' id='word_1_77' title='bbox 662 1651 854 1734; x_wconf 80' lang='lat' dir='ltr'><strong>reparabile</strong></span> <span class='ocrx_word' id='word_1_78' title='bbox 867 1651 1005 1730; x_wconf 86' lang='lat' dir='ltr'><strong>bellurn,</strong></span> <span class='ocrx_word' id='word_1_79' title='bbox 1071 1688 1074 1695; x_wconf 92' lang='lat'>·</span> 
     </span>
     <span class='ocr_line' id='line_1_13' title="bbox 142 1763 875 1847; baseline -0.005 -18"><span class='ocrx_word' id='word_1_80' title='bbox 142 1765 303 1829; x_wconf 89' lang='lat' dir='ltr'><strong>Fluctnat</strong></span> <span class='ocrx_word' id='word_1_81' title='bbox 317 1764 459 1847; x_wconf 88' lang='lat' dir='ltr'><strong>ancipiti</strong></span> <span class='ocrx_word' id='word_1_82' title='bbox 473 1763 604 1828; x_wconf 83' lang='lat' dir='ltr'><strong>divisus</strong></span> <span class='ocrx_word' id='word_1_83' title='bbox 618 1767 760 1845; x_wconf 84' lang='lat' dir='ltr'><strong>pectora</strong></span> <span class='ocrx_word' id='word_1_84' title='bbox 774 1780 875 1845; x_wconf 80' lang='lat' dir='ltr'><strong>cura3</strong></span> 
     </span>
     <span class='ocr_line' id='line_1_14' title="bbox 141 1873 961 1958; baseline 0 -17"><span class='ocrx_word' id='word_1_85' title='bbox 141 1877 278 1958; x_wconf 83' lang='lat' dir='ltr'><strong>Ingerat</strong></span> <span class='ocrx_word' id='word_1_86' title='bbox 293 1895 337 1938; x_wconf 90' lang='lat' dir='ltr'><strong>an</strong></span> <span class='ocrx_word' id='word_1_87' title='bbox 351 1873 483 1938; x_wconf 90' lang='lat' dir='ltr'><strong>medios</strong></span> <span class='ocrx_word' id='word_1_88' title='bbox 498 1891 574 1938; x_wconf 89' lang='lat' dir='ltr'><strong>sese</strong></span> <span class='ocrx_word' id='word_1_89' title='bbox 589 1873 769 1939; x_wconf 84' lang='lat' dir='ltr'><strong>moritums</strong></span> <span class='ocrx_word' id='word_1_90' title='bbox 783 1873 820 1937; x_wconf 91' lang='lat' dir='ltr'><strong>in</strong></span> <span class='ocrx_word' id='word_1_91' title='bbox 833 1873 961 1954; x_wconf 87' lang='lat' dir='ltr'><strong>hostes,</strong></span> 
     </span>
    </p>

    <p class='ocr_par' dir='ltr' id='par_1_8' title="bbox 142 1983 1073 2071">
     <span class='ocr_line' id='line_1_15' title="bbox 142 1983 1073 2071; baseline 0 -19"><span class='ocrx_word' id='word_1_92' title='bbox 142 1989 191 2053; x_wconf 90' lang='lat' dir='ltr'><strong>Ut</strong></span> <span class='ocrx_word' id='word_1_93' title='bbox 205 1988 327 2071; x_wconf 91' lang='lat' dir='ltr'><strong>populi</strong></span> <span class='ocrx_word' id='word_1_94' title='bbox 342 1990 446 2068; x_wconf 88' lang='lat' dir='ltr'><strong>caput</strong></span> <span class='ocrx_word' id='word_1_95' title='bbox 461 1983 635 2067; x_wconf 87' lang='lat' dir='ltr'><strong>Hesperii,</strong></span> <span class='ocrx_word' id='word_1_96' title='bbox 651 1983 851 2068; x_wconf 88' lang='lat' dir='ltr'><strong>Ductorque</strong></span> <span class='ocrx_word' id='word_1_97' title='bbox 865 1984 1012 2052; x_wconf 85' lang='lat' dir='ltr'><strong>Senatus</strong></span> <span class='ocrx_word' id='word_1_98' title='bbox 1071 2046 1073 2051; x_wconf 73' lang='grc'><strong>,</strong></span> 
     </span>
    </p>
   </div>
   <div class='ocr_carea' id='block_1_7' title="bbox 1177 350 1368 443">
    <p class='ocr_par' dir='ltr' id='par_1_9' title="bbox 1084 321 1368 443">
     <span class='ocr_line' id='line_1_16' title="bbox 1177 350 1368 443; baseline 0 -119"><span class='ocrx_word' id='word_1_99' title='bbox 1177 350 1368 443; x_wconf 14' lang='lat' dir='ltr'><strong>m..</strong></span> 
     </span>
    </p>
   </div>
   <div class='ocr_carea' id='block_1_8' title="bbox 137 2093 1116 2182">
    <p class='ocr_par' dir='ltr' id='par_1_10' title="bbox 137 2093 1116 2182">
     <span class='ocr_line' id='line_1_17' title="bbox 137 2093 1116 2182; baseline 0.001 -19"><span class='ocrx_word' id='word_1_100' title='bbox 137 2098 282 2163; x_wconf 90' lang='lat' dir='ltr'><strong>Summo</strong></span> <span class='ocrx_word' id='word_1_101' title='bbox 298 2099 334 2160; x_wconf 94' lang='lat' dir='ltr'><strong>in</strong></span> <span class='ocrx_word' id='word_1_102' title='bbox 345 2097 473 2160; x_wconf 89' lang='lat' dir='ltr'><strong>honore</strong></span> <span class='ocrx_word' id='word_1_103' title='bbox 485 2094 587 2160; x_wconf 88' lang='lat' dir='ltr'><strong>cadat</strong></span> <span class='ocrx_word' id='word_1_104' title='bbox 600 2094 696 2173; x_wconf 84' lang='lat' dir='ltr'><strong>felix,</strong></span> <span class='ocrx_word' id='word_1_105' title='bbox 712 2093 917 2181; x_wconf 75' lang='lat' dir='ltr'><strong>Stygiasque</strong></span> <span class='ocrx_word' id='word_1_106' title='bbox 931 2117 994 2182; x_wconf 88' lang='lat' dir='ltr'><strong>per</strong></span> <span class='ocrx_word' id='word_1_107' title='bbox 1006 2100 1116 2167; x_wconf 88' lang='lat' dir='ltr'><strong>undas</strong></span> 
     </span>
    </p>
   </div>
   <div class='ocr_carea' id='block_1_9' title="bbox 137 2207 1108 4407">
    <p class='ocr_par' dir='ltr' id='par_1_11' title="bbox 143 2207 978 2275">
     <span class='ocr_line' id='line_1_18' title="bbox 143 2207 978 2275; baseline 0.002 -2"><span class='ocrx_word' id='word_1_108' title='bbox 143 2209 300 2273; x_wconf 86' lang='lat' dir='ltr'><strong>Maxima</strong></span> <span class='ocrx_word' id='word_1_109' title='bbox 315 2207 464 2272; x_wconf 89' lang='lat' dir='ltr'><strong>Romani</strong></span> <span class='ocrx_word' id='word_1_110' title='bbox 479 2207 666 2272; x_wconf 84' lang='lat' dir='ltr'><strong>descendat</strong></span> <span class='ocrx_word' id='word_1_111' title='bbox 677 2207 826 2272; x_wconf 88' lang='lat' dir='ltr'><strong>nominis</strong></span> <span class='ocrx_word' id='word_1_112' title='bbox 840 2209 978 2275; x_wconf 85' lang='lat' dir='ltr'><strong>umbra:</strong></span> 
     </span>
    </p>

    <p class='ocr_par' dir='ltr' id='par_1_12' title="bbox 142 2305 950 2625">
     <span class='ocr_line' id='line_1_19' title="bbox 142 2305 936 2404; baseline 0.001 -20"><span class='ocrx_word' id='word_1_113' title='bbox 142 2319 199 2384; x_wconf 92' lang='lat' dir='ltr'><strong>An</strong></span> <span class='ocrx_word' id='word_1_114' title='bbox 214 2325 366 2404; x_wconf 86' lang='lat' dir='ltr'><strong>speraret</strong></span> <span class='ocrx_word' id='word_1_115' title='bbox 380 2318 504 2394; x_wconf 89' lang='lat' dir='ltr'><strong>adhuc,</strong></span> <span class='ocrx_word' id='word_1_116' title='bbox 520 2322 622 2401; x_wconf 90' lang='lat' dir='ltr'><strong>atque</strong></span> <span class='ocrx_word' id='word_1_117' title='bbox 635 2317 724 2383; x_wconf 89' lang='lat' dir='ltr'><strong>ultra</strong></span> <span class='ocrx_word' id='word_1_118' title='bbox 737 2305 841 2383; x_wconf 87' lang='lat' dir='ltr'><strong>fidere</strong></span> <span class='ocrx_word' id='word_1_119' title='bbox 854 2319 936 2385; x_wconf 86' lang='lat' dir='ltr'><strong>fatis</strong></span> 
     </span>
     <span class='ocr_line' id='line_1_20' title="bbox 142 2429 950 2514; baseline -0.001 -18"><span class='ocrx_word' id='word_1_120' title='bbox 142 2431 319 2509; x_wconf 89' lang='lat' dir='ltr'><strong>Ausoniis,</strong></span> <span class='ocrx_word' id='word_1_121' title='bbox 335 2436 498 2514; x_wconf 90' lang='lat' dir='ltr'><strong>tantoque</strong></span> <span class='ocrx_word' id='word_1_122' title='bbox 512 2430 596 2495; x_wconf 89' lang='lat' dir='ltr'><strong>velit</strong></span> <span class='ocrx_word' id='word_1_123' title='bbox 610 2447 789 2513; x_wconf 83' lang='lat' dir='ltr'><strong>superesse</strong></span> <span class='ocrx_word' id='word_1_124' title='bbox 804 2429 925 2495; x_wconf 87' lang='lat' dir='ltr'><strong>dolori.</strong></span> <span class='ocrx_word' id='word_1_125' title='bbox 948 2468 950 2473; x_wconf 93' lang='lat'>·</span> 
     </span>
     <span class='ocr_line' id='line_1_21' title="bbox 143 2539 805 2625; baseline 0 -18"><span class='ocrx_word' id='word_1_126' title='bbox 143 2543 293 2625; x_wconf 89' lang='lat' dir='ltr'><strong>Decepit</strong></span> <span class='ocrx_word' id='word_1_127' title='bbox 306 2541 443 2605; x_wconf 90' lang='lat' dir='ltr'><strong>tandem</strong></span> <span class='ocrx_word' id='word_1_128' title='bbox 457 2539 584 2604; x_wconf 87' lang='lat' dir='ltr'><strong>fiducia</strong></span> <span class='ocrx_word' id='word_1_129' title='bbox 597 2560 687 2605; x_wconf 86' lang='lat' dir='ltr'><strong>vana</strong></span> <span class='ocrx_word' id='word_1_130' title='bbox 701 2540 805 2607; x_wconf 83' lang='lat' dir='ltr'><strong>futuri</strong></span> 
     </span>
    </p>

    <p class='ocr_par' dir='ltr' id='par_1_13' title="bbox 141 2650 1108 2956">
     <span class='ocr_line' id='line_1_22' title="bbox 142 2650 1108 2734; baseline 0.001 -17"><span class='ocrx_word' id='word_1_131' title='bbox 142 2654 333 2717; x_wconf 88' lang='lat' dir='ltr'><strong>Successus</strong></span> <span class='ocrx_word' id='word_1_132' title='bbox 348 2652 519 2727; x_wconf 87' lang='lat' dir='ltr'><strong>miserum,</strong></span> <span class='ocrx_word' id='word_1_133' title='bbox 535 2650 780 2734; x_wconf 89' lang='lat' dir='ltr'><strong>pulchrumque</strong></span> <span class='ocrx_word' id='word_1_134' title='bbox 796 2652 951 2715; x_wconf 85' lang='lat' dir='ltr'><strong>excussit</strong></span> <span class='ocrx_word' id='word_1_135' title='bbox 961 2671 1108 2718; x_wconf 87' lang='lat' dir='ltr'><strong>amorem</strong></span> 
     </span>
     <span class='ocr_line' id='line_1_23' title="bbox 143 2760 999 2847; baseline 0.002 -20"><span class='ocrx_word' id='word_1_136' title='bbox 143 2763 285 2828; x_wconf 90' lang='lat' dir='ltr'><strong>Mortis:</strong></span> <span class='ocrx_word' id='word_1_137' title='bbox 308 2768 346 2826; x_wconf 92' lang='lat' dir='ltr'><strong>ut</strong></span> <span class='ocrx_word' id='word_1_138' title='bbox 360 2760 544 2837; x_wconf 88' lang='lat' dir='ltr'><strong>AEmathia,</strong></span> <span class='ocrx_word' id='word_1_139' title='bbox 561 2766 666 2845; x_wconf 90' lang='lat' dir='ltr'><strong>caput</strong></span> <span class='ocrx_word' id='word_1_140' title='bbox 680 2762 837 2827; x_wconf 87' lang='lat' dir='ltr'><strong>oblatura</strong></span> <span class='ocrx_word' id='word_1_141' title='bbox 851 2765 999 2847; x_wconf 90' lang='lat' dir='ltr'><strong>superbo</strong></span> 
     </span>
     <span class='ocr_line' id='line_1_24' title="bbox 141 2872 940 2956; baseline -0.006 -13"><span class='ocrx_word' id='word_1_142' title='bbox 141 2878 288 2954; x_wconf 86' lang='lat' dir='ltr'><strong>Victori,</strong></span> <span class='ocrx_word' id='word_1_143' title='bbox 305 2873 468 2956; x_wconf 81' lang='lat' dir='ltr'><strong>Magnum</strong></span> <span class='ocrx_word' id='word_1_144' title='bbox 482 2891 563 2955; x_wconf 89' lang='lat' dir='ltr'><strong>spes</strong></span> <span class='ocrx_word' id='word_1_145' title='bbox 579 2873 653 2936; x_wconf 89' lang='lat' dir='ltr'><strong>dira</strong></span> <span class='ocrx_word' id='word_1_146' title='bbox 666 2872 833 2938; x_wconf 88' lang='lat' dir='ltr'><strong>fefellerat</strong></span> <span class='ocrx_word' id='word_1_147' title='bbox 848 2873 940 2939; x_wconf 91' lang='lat' dir='ltr'><strong>olim.</strong></span> 
     </span>
    </p>

    <p class='ocr_par' dir='ltr' id='par_1_14' title="bbox 139 2983 1048 3737">
     <span class='ocr_line' id='line_1_25' title="bbox 142 2983 972 3053; baseline -0.004 0"><span class='ocrx_word' id='word_1_148' title='bbox 142 2989 222 3053; x_wconf 92' lang='lat' dir='ltr'><strong>Hos</strong></span> <span class='ocrx_word' id='word_1_149' title='bbox 238 2987 351 3052; x_wconf 93' lang='lat' dir='ltr'><strong>animo</strong></span> <span class='ocrx_word' id='word_1_150' title='bbox 367 3004 470 3048; x_wconf 90' lang='lat' dir='ltr'><strong>casus</strong></span> <span class='ocrx_word' id='word_1_151' title='bbox 484 2984 677 3049; x_wconf 85' lang='lat' dir='ltr'><strong>volventem</strong></span> <span class='ocrx_word' id='word_1_152' title='bbox 691 2983 848 3049; x_wconf 90' lang='lat' dir='ltr'><strong>concitus</strong></span> <span class='ocrx_word' id='word_1_153' title='bbox 863 2984 972 3050; x_wconf 87' lang='lat' dir='ltr'><strong>aufert</strong></span> 
     </span>
     <span class='ocr_line' id='line_1_26' title="bbox 142 3095 1048 3184; baseline -0.002 -20"><span class='ocrx_word' id='word_1_154' title='bbox 142 3098 341 3184; x_wconf 90' lang='lat' dir='ltr'><strong>Scipiadem</strong></span> <span class='ocrx_word' id='word_1_155' title='bbox 355 3116 400 3161; x_wconf 89' lang='lat' dir='ltr'><strong>ex</strong></span> <span class='ocrx_word' id='word_1_156' title='bbox 415 3098 490 3160; x_wconf 88' lang='lat' dir='ltr'><strong>acie</strong></span> <span class='ocrx_word' id='word_1_157' title='bbox 505 3095 672 3179; x_wconf 83' lang='lat' dir='ltr'><strong>Sonipes3</strong></span> <span class='ocrx_word' id='word_1_158' title='bbox 695 3114 774 3159; x_wconf 91' lang='lat' dir='ltr'><strong>cum</strong></span> <span class='ocrx_word' id='word_1_159' title='bbox 787 3097 903 3161; x_wconf 87' lang='lat' dir='ltr'><strong>territa</strong></span> <span class='ocrx_word' id='word_1_160' title='bbox 916 3100 1048 3181; x_wconf 86' lang='lat' dir='ltr'><strong>passim</strong></span> 
     </span>
     <span class='ocr_line' id='line_1_27' title="bbox 139 3207 930 3294; baseline -0.006 -17"><span class='ocrx_word' id='word_1_161' title='bbox 139 3213 289 3294; x_wconf 83' lang='lat' dir='ltr'><strong>Agmina</strong></span> <span class='ocrx_word' id='word_1_162' title='bbox 303 3213 481 3291; x_wconf 82' lang='lat' dir='ltr'><strong>coeperunt</strong></span> <span class='ocrx_word' id='word_1_163' title='bbox 494 3211 566 3270; x_wconf 92' lang='lat' dir='ltr'><strong>toto</strong></span> <span class='ocrx_word' id='word_1_164' title='bbox 583 3207 770 3271; x_wconf 88' lang='lat' dir='ltr'><strong>discurrere</strong></span> <span class='ocrx_word' id='word_1_165' title='bbox 786 3226 930 3292; x_wconf 84' lang='lat' dir='ltr'><strong>camp03</strong></span> 
     </span>
     <span class='ocr_line' id='line_1_28' title="bbox 140 3317 1017 3405; baseline -0.005 -17"><span class='ocrx_word' id='word_1_166' title='bbox 140 3322 379 3403; x_wconf 84' lang='lat' dir='ltr'><strong>Cedentesqne</strong></span> <span class='ocrx_word' id='word_1_167' title='bbox 394 3317 537 3402; x_wconf 86' lang='lat' dir='ltr'><strong>Equites</strong></span> <span class='ocrx_word' id='word_1_168' title='bbox 552 3322 643 3382; x_wconf 91' lang='lat' dir='ltr'><strong>tutas</strong></span> <span class='ocrx_word' id='word_1_169' title='bbox 657 3317 786 3401; x_wconf 89' lang='lat' dir='ltr'><strong>petiere</strong></span> <span class='ocrx_word' id='word_1_170' title='bbox 800 3319 949 3384; x_wconf 89' lang='lat' dir='ltr'><strong>latebras</strong></span> <span class='ocrx_word' id='word_1_171' title='bbox 1014 3400 1017 3405; x_wconf 15' lang='grc' dir='ltr'>ἱ</span> 
     </span>
     <span class='ocr_line' id='line_1_29' title="bbox 142 3428 1030 3514; baseline -0.001 -15"><span class='ocrx_word' id='word_1_172' title='bbox 142 3434 319 3499; x_wconf 91' lang='lat' dir='ltr'><strong>Montibus</strong></span> <span class='ocrx_word' id='word_1_173' title='bbox 334 3429 476 3506; x_wconf 87' lang='lat' dir='ltr'><strong>Uzzitae,</strong></span> <span class='ocrx_word' id='word_1_174' title='bbox 491 3428 644 3512; x_wconf 89' lang='lat' dir='ltr'><strong>peditum</strong></span> <span class='ocrx_word' id='word_1_175' title='bbox 658 3447 739 3511; x_wconf 89' lang='lat' dir='ltr'><strong>pars</strong></span> <span class='ocrx_word' id='word_1_176' title='bbox 753 3434 877 3511; x_wconf 85' lang='lat' dir='ltr'><strong>magna</strong></span> <span class='ocrx_word' id='word_1_177' title='bbox 890 3433 1030 3514; x_wconf 87' lang='lat' dir='ltr'><strong>petebat</strong></span> 
     </span>
     <span class='ocr_line' id='line_1_30' title="bbox 141 3540 1026 3622; baseline -0.002 -11"><span class='ocrx_word' id='word_1_178' title='bbox 141 3545 264 3611; x_wconf 82' lang='lat' dir='ltr'><strong>Castra</strong></span> <span class='ocrx_word' id='word_1_179' title='bbox 277 3542 300 3606; x_wconf 86' lang='lat' dir='ltr'><strong>J</strong></span> <span class='ocrx_word' id='word_1_180' title='bbox 301 3543 392 3620; x_wconf 91' lang='lat' dir='ltr'><strong>ubae,</strong></span> <span class='ocrx_word' id='word_1_181' title='bbox 408 3540 438 3604; x_wconf 93' lang='lat' dir='ltr'><strong>si</strong></span> <span class='ocrx_word' id='word_1_182' title='bbox 453 3540 539 3603; x_wconf 84' lang='lat' dir='ltr'><strong>forte</strong></span> <span class='ocrx_word' id='word_1_183' title='bbox 554 3540 690 3603; x_wconf 86' lang='lat' dir='ltr'><strong>brevem</strong></span> <span class='ocrx_word' id='word_1_184' title='bbox 704 3545 867 3622; x_wconf 87' lang='lat' dir='ltr'><strong>praestare</strong></span> <span class='ocrx_word' id='word_1_185' title='bbox 883 3543 1026 3609; x_wconf 88' lang='lat' dir='ltr'><strong>salutem</strong></span> 
     </span>
     <span class='ocr_line' id='line_1_31' title="bbox 141 3649 853 3737; baseline -0.011 -13"><span class='ocrx_word' id='word_1_186' title='bbox 141 3657 300 3725; x_wconf 90' lang='lat' dir='ltr'><strong>Defessis</strong></span> <span class='ocrx_word' id='word_1_187' title='bbox 316 3655 376 3718; x_wconf 93' lang='lat' dir='ltr'><strong>alti</strong></span> <span class='ocrx_word' id='word_1_188' title='bbox 390 3655 548 3737; x_wconf 88' lang='lat' dir='ltr'><strong>poterant</strong></span> <span class='ocrx_word' id='word_1_189' title='bbox 560 3649 746 3716; x_wconf 90' lang='lat' dir='ltr'><strong>munimina</strong></span> <span class='ocrx_word' id='word_1_190' title='bbox 759 3651 853 3716; x_wconf 88' lang='lat' dir='ltr'><strong>valli.</strong></span> 
     </span>
    </p>

    <p class='ocr_par' dir='ltr' id='par_1_15' title="bbox 139 3763 993 4187">
     <span class='ocr_line' id='line_1_32' title="bbox 141 3763 993 3853; baseline -0.007 -17"><span class='ocrx_word' id='word_1_191' title='bbox 141 3771 210 3837; x_wconf 90' lang='lat' dir='ltr'><strong>Sed</strong></span> <span class='ocrx_word' id='word_1_192' title='bbox 225 3773 409 3853; x_wconf 89' lang='lat' dir='ltr'><strong>postquam</strong></span> <span class='ocrx_word' id='word_1_193' title='bbox 423 3783 461 3829; x_wconf 89' lang='lat' dir='ltr'><strong>se</strong></span> <span class='ocrx_word' id='word_1_194' title='bbox 476 3763 652 3846; x_wconf 69' lang='lat' dir='ltr'><strong>deceptos</strong></span> <span class='ocrx_word' id='word_1_195' title='bbox 668 3767 702 3826; x_wconf 90' lang='lat' dir='ltr'><strong>et</strong></span> <span class='ocrx_word' id='word_1_196' title='bbox 717 3767 831 3827; x_wconf 87' lang='lat' dir='ltr'><strong>castra</strong></span> <span class='ocrx_word' id='word_1_197' title='bbox 845 3767 993 3831; x_wconf 90' lang='lat' dir='ltr'><strong>cruentis</strong></span> 
     </span>
     <span class='ocr_line' id='line_1_33' title="bbox 140 3873 972 3962; baseline -0.004 -15"><span class='ocrx_word' id='word_1_198' title='bbox 140 3881 310 3947; x_wconf 85' lang='lat' dir='ltr'><strong>Caesareis</strong></span> <span class='ocrx_word' id='word_1_199' title='bbox 324 3895 490 3962; x_wconf 88' lang='lat' dir='ltr'><strong>possessa</strong></span> <span class='ocrx_word' id='word_1_200' title='bbox 504 3873 630 3952; x_wconf 86' lang='lat' dir='ltr'><strong>vident,</strong></span> <span class='ocrx_word' id='word_1_201' title='bbox 645 3878 717 3938; x_wconf 91' lang='lat' dir='ltr'><strong>tum</strong></span> <span class='ocrx_word' id='word_1_202' title='bbox 730 3874 800 3940; x_wconf 91' lang='lat' dir='ltr'><strong>tela</strong></span> <span class='ocrx_word' id='word_1_203' title='bbox 815 3874 972 3944; x_wconf 86' lang='lat' dir='ltr'><strong>cohortes</strong></span> 
     </span>
     <span class='ocr_line' id='line_1_34' title="bbox 140 3985 989 4074; baseline -0.005 -16"><span class='ocrx_word' id='word_1_204' title='bbox 140 3993 254 4058; x_wconf 88' lang='lat' dir='ltr'><strong>Victae</strong></span> <span class='ocrx_word' id='word_1_205' title='bbox 269 3988 465 4074; x_wconf 85' lang='lat' dir='ltr'><strong>projiciunt,</strong></span> <span class='ocrx_word' id='word_1_206' title='bbox 482 3991 516 4050; x_wconf 91' lang='lat' dir='ltr'><strong>et</strong></span> <span class='ocrx_word' id='word_1_207' title='bbox 529 3985 671 4050; x_wconf 85' lang='lat' dir='ltr'><strong>inermia</strong></span> <span class='ocrx_word' id='word_1_208' title='bbox 684 3986 826 4052; x_wconf 90' lang='lat' dir='ltr'><strong>brachia</strong></span> <span class='ocrx_word' id='word_1_209' title='bbox 838 3988 989 4054; x_wconf 85' lang='lat' dir='ltr'><strong>tendunt.</strong></span> 
     </span>
     <span class='ocr_line' id='line_1_35' title="bbox 139 4097 882 4187; baseline -0.007 -18"><span class='ocrx_word' id='word_1_210' title='bbox 139 4105 211 4169; x_wconf 91' lang='lat' dir='ltr'><strong>Sed</strong></span> <span class='ocrx_word' id='word_1_211' title='bbox 224 4103 309 4166; x_wconf 93' lang='lat' dir='ltr'><strong>nihil</strong></span> <span class='ocrx_word' id='word_1_212' title='bbox 321 4099 383 4187; x_wconf 95' lang='lat' dir='ltr'><strong>(oh</strong></span> <span class='ocrx_word' id='word_1_213' title='bbox 397 4099 510 4164; x_wconf 90' lang='lat' dir='ltr'><strong>rabies</strong></span> <span class='ocrx_word' id='word_1_214' title='bbox 526 4097 638 4162; x_wconf 88' lang='lat' dir='ltr'><strong>civilis</strong></span> <span class='ocrx_word' id='word_1_215' title='bbox 654 4097 728 4162; x_wconf 87' lang='lat' dir='ltr'><strong>dira</strong></span> <span class='ocrx_word' id='word_1_216' title='bbox 740 4097 882 4186; x_wconf 85' lang='lat' dir='ltr'><strong>furoris)</strong></span> 
     </span>
    </p>

    <p class='ocr_par' dir='ltr' id='par_1_16' title="bbox 137 4207 1056 4407">
     <span class='ocr_line' id='line_1_36' title="bbox 139 4207 1056 4282; baseline -0.004 0"><span class='ocrx_word' id='word_1_217' title='bbox 139 4215 274 4282; x_wconf 89' lang='lat' dir='ltr'><strong>Profuit</strong></span> <span class='ocrx_word' id='word_1_218' title='bbox 286 4213 354 4278; x_wconf 90' lang='lat' dir='ltr'><strong>heu</strong></span> <span class='ocrx_word' id='word_1_219' title='bbox 367 4211 501 4276; x_wconf 89' lang='lat' dir='ltr'><strong>miseris</strong></span> <span class='ocrx_word' id='word_1_220' title='bbox 516 4208 713 4275; x_wconf 88' lang='lat' dir='ltr'><strong>submissio.</strong></span> <span class='ocrx_word' id='word_1_221' title='bbox 736 4211 833 4277; x_wconf 88' lang='lat' dir='ltr'><strong>caede</strong></span> <span class='ocrx_word' id='word_1_222' title='bbox 847 4210 995 4278; x_wconf 87' lang='lat' dir='ltr'><strong>nefanda</strong></span> <span class='ocrx_word' id='word_1_223' title='bbox 1051 4207 1056 4211; x_wconf 78' lang='grc'><strong>’</strong></span> 
     </span>
     <span class='ocr_line' id='line_1_37' title="bbox 137 4320 989 4407; baseline -0.002 -14"><span class='ocrx_word' id='word_1_224' title='bbox 137 4328 349 4402; x_wconf 85' lang='lat' dir='ltr'><strong>Sternuntur,</strong></span> <span class='ocrx_word' id='word_1_225' title='bbox 364 4321 521 4407; x_wconf 84' lang='lat' dir='ltr'><strong>quamvis</strong></span> <span class='ocrx_word' id='word_1_226' title='bbox 536 4320 671 4405; x_wconf 82' lang='lat' dir='ltr'><strong>gladios</strong></span> <span class='ocrx_word' id='word_1_227' title='bbox 685 4320 837 4390; x_wconf 88' lang='lat' dir='ltr'><strong>inhibere</strong></span> <span class='ocrx_word' id='word_1_228' title='bbox 851 4344 989 4391; x_wconf 90' lang='lat' dir='ltr'><strong>suorum</strong></span> 
     </span>
    </p>
   </div>
   <div class='ocr_carea' id='block_1_10' title="bbox 0 0 1396 4860">
    <p class='ocr_par' dir='ltr' id='par_1_17' title="bbox 0 0 1396 4860">
     <span class='ocr_line' id='line_1_38' title="bbox 0 0 1396 4860; baseline 0 1"><span class='ocrx_word' id='word_1_229' title='bbox 0 0 1396 4860; x_wconf 95' lang='lat' dir='ltr'><strong> </strong></span> 
     </span>
    </p>
   </div>
  </div>
 </body>
</html>
