2784 4860
346 313 568 455 crvrnrs
613 358 792 427 nunni
837 359 950 427 nro.
986 360 1037 426 11.

137 536 236 602 Gens
260 536 433 600 Hetrusca
446 535 528 617 suga
541 535 665 616 trepidi
678 534 807 599 nudata
825 533 979 609 Libonis,
1064 531 1067 551 ‘

137 647 162 712 J
163 668 274 730 usque
292 647 345 710 sui
360 647 461 729 pulso
478 646 552 728 jam
567 645 715 727 perdidit
730 643 873 708 Umbria
885 643 1044 708 Thermo.
1105 688 1108 691 ι

138 758 221 822 Nec
239 757 323 838 gerit
342 756 507 839 auspiciis
523 755 639 819 civilia
653 755 745 817 bella
757 755 908 836 paternis
1075 750 1083 759 ‘

140 866 293 930 Caesaris
304 865 424 955 audito
442 883 625 928 conversus
646 865 782 927 nomine
797 862 903 945 Sylla.

140 977 269 1054 Variis,
284 982 322 1040 ut
337 976 483 1040 admotae
503 974 682 1057 pulsarunt
695 974 871 1037 Auximon
890 975 967 1050 alae,
1059 1021 1062 1025 -

142 1087 212 1152 Per
228 1089 363 1152 diversa
380 1105 481 1150 ruens
502 1086 657 1166 neglecto
675 1085 804 1149 moenia
822 1090 928 1167 tergo,

142 1195 225 1275 Qua
240 1197 349 1274 silvae,
366 1216 435 1279 qua
449 1215 547 1273 saxa,
570 1196 666 1277 sugit.
683 1195 862 1278 depellitur
878 1215 956 1260 arce

145 1305 309 1370 Lentulus
326 1305 485 1370 Esculea.
501 1307 611 1370 victor
632 1305 830 1371 cedentibus
850 1307 965 1383 instat,

144 1416 368 1499 Devertitque
385 1417 497 1480 acies:
522 1416 683 1498 solusque
699 1427 744 1479 ex
759 1417 891 1498 agmine
910 1420 1005 1481 tanto

146 1524 229 1589 Dux
250 1526 347 1607 fugit,
362 1531 400 1589 et
413 1526 525 1590 nullas
541 1526 700 1592 ducentia
716 1527 814 1607 signa
828 1526 996 1591 cohortes.

147 1634 201 1698 Tu
217 1655 355 1717 quoque
369 1635 533 1698 nudatam
548 1636 740 1700 commissae
758 1636 886 1700 deseris
902 1656 1016 1701 arcem

148 1746 268 1828 Scipio
285 1746 461 1810 Luceriae:
486 1766 680 1828 quanquam
695 1747 882 1811 fortissima
896 1747 1006 1830 pubes

148 1853 217 1936 His
232 1855 352 1918 sedeat
367 1855 499 1930 castris,
512 1854 717 1938 jampridem
733 1854 881 1920 Caesaris
897 1856 999 1919 armis

149 1962 351 2028 Parthorum
362 1963 535 2027 subducta
548 1969 660 2028 metu:
684 1961 914 2047 quae'Gallica
928 1967 1053 2030 damna
1176 1967 1246 2030 475

212 2124 344 2171 censuum.
410 2121 700 2179 eosdemnumeros.
756 2126 805 2171 469
815 2124 916 2172 Arcubn.
965 2127 1015 2172 470
1032 2124 1180 2186 Divertitque.

212 2190 261 2234 477
272 2187 386 2232 emmisset
396 2187 512 2233 nudatam.
642 2190 691 2237 473
703 2187 816 2235 Nuceria.
930 2189 1122 2251 euafimiutma.
1155 2189 1157 2193 ’

379 2255 428 2299 474
440 2250 484 2298 His
497 2252 574 2297 castris
586 2252 669 2298 sedeat.
863 2254 912 2302 475
921 2255 1020 2301 seducta

184 2378 242 2424 462.
255 2374 315 2422 Gens
321 2374 452 2436 Hetrusca]
464 2375 511 2421 Ubi
520 2375 543 2421 in
555 2376 687 2422 universnm
713 2377 816 2438 cognito,
825 2377 929 2438 profugit
945 2395 975 2425 ex
987 2378 1083 2441 oppido.
1094 2378 1199 2425 cohortes
1211 2394 1246 2426 se·

151 2440 223 2487 totius
232 2453 305 2502 prope
318 2440 393 2486 Italire
404 2439 506 2486 studium
518 2440 542 2486 in
552 2440 687 2504 Pompeium
712 2457 765 2487 cum
786 2443 902 2489 ebducere
923 2451 1020 2490 conatus
1038 2458 1053 2489 a
1077 2458 1160 2503 magna
1180 2450 1246 2503 parte

151 2503 355 2550 commemoravit:
378 2504 514 2551 transitione
536 2504 589 2550 hinc
609 2506 687 2560 refert,
712 2505 811 2551 militum
823 2506 937 2553 deseritur
947 2508 988 2554 lib.
1000 2513 1021 2553 1.
1032 2508 1062 2554 de
1073 2507 1118 2554 civ.
1128 2507 1174 2553 bel.
1318 2547 1321 2552 .

151 2569 191 2628 qui
203 2569 275 2615 duces
291 2569 433 2630 Pompeiani,
444 2574 468 2615 et
483 2568 583 2632 primum
594 2570 687 2628 quidem
746 2572 802 2618 470.
816 2569 960 2632 Deumque
970 2570 1047 2633 actm]
1064 2575 1160 2618 Araeto
1165 2570 1247 2618 itinere

151 2633 176 2679 in
188 2632 318 2688 Hetrnria3
329 2649 384 2679 mox
395 2633 419 2679 in
430 2633 525 2678 Umbria
535 2633 642 2681 dederint
653 2650 687 2696 se,
712 2634 759 2680 alie
769 2634 923 2681 circumduxit
934 2653 939 2682 ε
956 2637 994 2683 vel
1005 2635 1083 2698 potins
1092 2652 1105 2682 u
1115 2636 1173 2681 duce
1185 2636 1247 2681 adse

151 2697 190 2744 vel
207 2697 232 2744 in
248 2697 445 2757 lugum'ubierint.
464 2696 603 2743 Hortensius.
624 2697 686 2744 Libo
713 2706 804 2746 evocat.
811 2699 915 2746 Grotius.
926 2700 1051 2762 Solusque]
1061 2699 1162 2749 Traditio
1171 2699 1248 2762 eopia-

151 2760 207 2822 nte]
226 2762 335 2809 Praelecti
344 2769 392 2808 tum
402 2763 461 2808 forte
470 2761 577 2808 Etrurire.
586 2763 616 2808 ad
627 2763 688 2808 Scri·
713 2779 764 2809 rum
775 2763 880 2824 reliquiis
887 2764 991 2812 Vibullio
1003 2765 1072 2811 Rufo.

150 2826 246 2872 bonium
259 2827 372 2872 libonem
381 2826 476 2872 missum
484 2826 606 2872 Caninium
616 2827 687 2874 Revi-
745 2829 802 2876 473.
813 2827 936 2892 Luscum]
950 2828 1053 2876 Nuceriae
1062 2827 1119 2889 legit
1127 2827 1248 2888 Micyllus,

147 2889 198 2936 lum
219 2890 323 2951 legatum
345 2891 457 2950 colloquii
487 2902 556 2938 causa
576 2892 605 2936 de
631 2907 688 2954 pnce
714 2892 915 2952 quoeiuUmbria,
931 2893 1173 2954 nbijsmeratilaesar
1188 2891 1248 2938 etin

147 2954 307 3008 concilianda,
318 2955 422 3001 meminit
432 2962 514 3001 auctor
523 2957 688 3007 Commentari-
714 2957 808 3003 Piceno.
825 2958 913 3004 Verum
924 2958 966 3004 hae
974 2959 998 3005 in
1012 2966 1075 3019 parte
1086 2957 1170 3018 saepius
1179 2971 1249 3003 excu-

150 3034 217 3066 ornm
233 3018 263 3064 de
280 3019 343 3064 civili
363 3020 424 3067 bello
442 3020 483 3066 tib.
499 3025 522 3066 1.
540 3020 612 3066 fnisse
632 3020 688 3068 item
714 3021 800 3068 sendus
808 3029 844 3068 est
860 3029 937 3084 poeto,
947 3030 974 3069 nt
987 3023 1026 3083 qui
1036 3037 1110 3084 neque
1118 3021 1248 3081 temporum

149 3082 245 3130 Achaiae
262 3098 290 3129 ιο
304 3082 435 3130 liburnicae
453 3084 533 3130 classis
547 3085 689 3145 praefectum,
713 3101 871 3146 nequererum
881 3095 958 3134 servet
968 3087 1080 3142 ordinem,
1096 3093 1123 3132 ut
1137 3092 1190 3148 post
1201 3085 1250 3131 uis-

151 3148 194 3194 lib.
204 3149 229 3194 3.
715 3165 805 3196 cessum
824 3151 938 3213 Pompeii,
956 3152 996 3212 qui
1008 3151 1039 3198 iis
1053 3153 1122 3198 rebus
1141 3149 1249 3210 cognitis,

183 3214 242 3262 463.
258 3208 344 3272 iusque
358 3213 395 3256 rui
410 3213 483 3271 pulso,
505 3210 560 3274 δια]
578 3213 688 3260 Adventu
714 3230 766 3275 quae
783 3221 850 3262 erunt
864 3217 893 3262 ud
910 3216 1037 3263 Corfinium
1051 3221 1132 3286 gestae,
1143 3213 1249 3271 Luceria,

151 3275 263 3324 cirionis
273 3275 399 3335 cognite-e
407 3276 491 3336 Tignio
498 3277 605 3324 cohortes
615 3279 689 3324 edux-
714 3278 831 3340 profectus
843 3287 879 3336 est
887 3281 1021 3336 Genusium,
1031 3287 1099 3339 atque
1110 3278 1165 3324 inde
1174 3279 1248 3324 Brun·

151 3341 197 3389 isse
206 3347 232 3387 et
241 3339 372 3400 profugisse
381 3340 503 3387 Thermum
512 3342 603 3402 reperio
611 3341 653 3389 lib.
665 3347 689 3391 1.
714 3343 816 3398 dnsium,
833 3343 911 3404 Scipio
928 3344 1033 3391 Luceriae
1047 3344 1072 3390 iu
1090 3342 1198 3404 praesidio
1212 3353 1249 3388 re-

152 3407 182 3452 de
194 3405 260 3451 cirili
271 3404 348 3449 bello..
360 3405 405 3451 Sed
417 3405 457 3453 nbi
468 3405 580 3466 'lignium-
590 3406 628 3461 sit,
640 3422 689 3453 non
714 3407 783 3454 lictus
791 3409 926 3469 profugerit.
937 3409 981 3454 fuit
991 3415 1067 3455 autem
1083 3407 1122 3454 hie
1133 3407 1159 3452 lr.
1170 3405 1248 3468 Scipio

147 3469 185 3517 ,itu
200 3470 276 3516 facile.
298 3469 412 3515 Firmium
424 3470 484 3516 forte
498 3477 538 3516 eut
553 3471 616 3518 aliud
634 3482 689 3535 opp.
704 3478 781 3518 'socer
793 3463 904 3535 Pompeii.
1304 3474 1307 3479 ’

152 3534 266 3583 Umbriae.
282 3532 364 3593 Tigniu
374 3542 410 3580 est
420 3535 556 3582 Picenarum
568 3536 623 3582 flur.
747 3537 804 3584 474.
820 3535 958 3598 iampridem
967 3535 1068 3592 Cetaria,
1079 3533 1136 3597 drot]
1154 3535 1191 3581 Ad
1198 3535 1251 3582 ‘Gre-

184 3601 243 3648 464.
262 3597 308 3644 Nec
316 3598 377 3660 gerit
385 3599 498 3659 auspiciis,
514 3597 571 3660 &c.]
589 3601 690 3647 Faustus
715 3599 1251 3648 surisviresminueudesMarcellmauetorluit

152 3664 221 3724 Sylla
238 3665 381 3722 degenerum
395 3679 413 3709 a
425 3663 496 3727 petris
514 3663 649 3710 fortitudine
666 3672 690 3710 et
716 3665 821 3725 putribus
831 3664 1038 3719 senatusconsulti,
1056 3680 1102 3724 quo
1113 3664 1252 3710 decerneba-

152 3727 255 3784 fortnnr,
266 3728 343 3787 fugam
355 3728 424 3787 cepit.
715 3736 753 3775 tur
764 3735 790 3776 ut
801 3728 885 3775 Bibulo
897 3728 977 3792 (quem
989 3730 1013 3775 in
1023 3729 1132 3790 Parthos,
1141 3735 1195 3790 post
1205 3743 1249 3775 cue·
1302 3738 1304 3740 ’

185 3795 243 3842 466.
263 3789 345 3845 Varus,
361 3789 416 3853 dtu]
433 3792 502 3838 Atius
521 3792 605 3848 Verus,
620 3793 690 3839 deen—
715 3795 766 3840 dem
779 3793 858 3840 Oressi
875 3793 1014 3849 mittendum
1030 3809 1079 3854 prae
1099 3790 1251 3855 referebant)
1352 3795 1355 3805 ⁴

151 3855 259 3903 tionibus
268 3855 365 3902 Auximi
376 3857 514 3903 Picenarum
523 3871 578 3918 opp.
589 3856 617 3903 sd
627 3857 688 3903 Cres.
716 3857 842 3918 Pompeius
854 3857 970 3918 legionem
978 3873 1055 3915 unum,
1067 3859 1145 3907 Caesar
1156 3857 1251 3904 ultorem

153 3920 328 3973 inclinantibus,
348 3921 482 3979 praesidium
493 3935 524 3967 ex
535 3921 622 3983 oppido
633 3922 689 3968 edu-
715 3923 814 3968 cederet.
832 3921 909 3968 Cesar
925 3923 1002 3985 itaque
1019 3938 1072 3969 cum
1087 3938 1155 3969 unum
1167 3937 1209 3984 pro
1226 3936 1251 3967 se

153 3984 194 4039 cit,
205 3993 230 4032 et
240 3985 352 4047 profugit,
364 3984 406 4033 &u
418 3985 459 4032 lib.
470 3989 493 4031 1.
503 3999 563 4031 com.
576 3986 621 4032 civ.
635 3986 689 4032 bell.
715 3986 825 4042 truderet,
844 3994 869 4032 et
889 3986 1013 4050 Pompeius
1032 3988 1151 4050 repetebat
1168 3985 1251 4032 abillo

153 4049 222 4111 Areu
241 4049 352 4110 Equitum
363 4050 457 4112 proprie
468 4047 636 4097 vexillationes.
715 4051 819 4107 alterum,
828 4066 896 4111 quam
907 4059 962 4111 post
970 4051 1054 4097 Titurii
1069 4052 1190 4110 Gottaeque
1200 4051 1251 4097 Gae-

185 4117 242 4164 46⁷,
255 4113 360 4176 Neglecto
378 4115 459 4162 munia
478 4112 560 4178 tergo]
578 4115 649 4161 Hosti
665 4115 690 4161 in
716 4114 773 4162 suris
789 4122 913 4177 praetorum
935 4122 1052 4177 acceptum
1069 4117 1166 4170 cladem,
1186 4121 1253 4162 uteu-

154 4178 336 4240 fngnexposito.
451 4185 452 4188 ’
474 4234 476 4239 ¹
716 4178 1252 4240 dumillidederat,itnununqueCaesarsuppe·

87 4288 92 4299 ,
186 4247 243 4292 408.
258 4241 515 4304 Depelliturnrce,&c.]
532 4243 643 4290 Asculum
652 4242 691 4290 Pi·
716 4241 807 4290 ditarit.
831 4246 881 4292 llas
891 4245 995 4306 legiones
1003 4245 1112 4292 babuisse
1120 4243 1250 4307 Scipionem

155 4323 237 4353 oenum
248 4307 360 4354 lentulus
377 4308 485 4370 Spinther
495 4321 547 4353 cum
559 4307 638 4353 decem
654 4323 691 4352 co·
716 4309 787 4355 refert
794 4315 870 4369 poeta
888 4311 942 4359 Dio.
954 4311 995 4357 lib.
1007 4312 1047 4357 40.
1058 4317 1082 4356 et
1097 4309 1196 4373 Appiau.
1208 4306 1250 4354 liu

154 4372 260 4420 hortibus
282 4374 393 4420 tenebat:
411 4371 451 4433 qui
471 4372 569 4420 Caeserh
589 4373 691 4419 adventu
718 4373 895 4423 adsereret.
1177 4399 1184 4408 ι
