2784 4860
143 339 210 404 526
445 340 954 411 SUPPLEMENTUM

43 548 47 555 ·
148 511 234 576 Cum
250 514 404 597 pupugit,
421 534 541 581 somno
556 534 706 581 excusso
720 515 795 581 sera
807 515 934 582 nobilis
946 515 1002 581 ira'

146 622 346 688 Infrendeus
356 645 490 708 magna,
505 632 688 711 postquam
698 626 891 711 protriverit
898 627 1034 693 hostem

145 732 328 816 Exiguum,
343 737 492 801 nondum
507 737 693 801 vindictam
707 741 841 814 nactus,
855 737 891 801 in
905 756 1043 804 omnem

145 842 309 908 Prosiluit
323 864 493 928 campum,
509 824 729 930 grassataque
744 848 908 928 sanguiue
920 847 1031 913 multo

145 952 272 1019 Stravit
285 975 405 1038 equos,
421 958 540 1021 stravit
553 962 681 1032 tauros,
697 961 915 1040 armentaque
928 961 1008 1025 tota.

146 1062 272 1148 Exigui
281 1067 402 1130 culicis
416 1067 595 1136 temeraria
604 1067 697 1131 facta
710 1067 854 1132 luerunt.

189 1176 331 1242 Munere
346 1178 503 1262 Pompeii
518 1177 714 1242 Pharnaces
723 1177 849 1261 impius
863 1177 947 1242 olim

145 1287 373 1367 Cimmerium,
385 1294 420 1353 et
435 1289 581 1373 pretium
595 1289 745 1367 sceleris,
760 1290 919 1355 diadema
930 1289 1078 1373 recepit.

145 1397 258 1463 Natus
273 1405 345 1464 erat
358 1419 481 1483 magno
496 1398 598 1463 Ponti
614 1399 821 1478 Mithridate,
836 1400 992 1485 potentis·

146 1508 215 1589 Qui
229 1511 368 1594 populis
383 1508 478 1575 Asiae
493 1512 676 1593 quondam,
692 1510 873 1595 Graiisque
888 1511 1049 1577 subactis·

144 1620 283 1685 AEmula
298 1620 464 1683 Romanis
477 1640 539 1704 per
552 1624 657 1685 terras
672 1640 766 1685 arma
780 1622 928 1704 gerebat.

145 1731 215 1810 Qui
224 1733 336 1798 victus
350 1733 498 1808 tandem,
513 1736 548 1796 et
560 1730 720 1816 Pompeii
732 1734 861 1799 viribus
871 1732 964 1797 omni

142 1841 276 1906 Exutus
290 1863 405 1925 regno,
420 1842 491 1929 nati
504 1843 679 1926 impietate
689 1843 828 1907 nefandi

141 1949 302 2017 Proditus
317 1957 379 2028 est,
397 1952 588 2036 ceciditque
602 1953 710 2017 minor
724 1954 776 2021 sie
791 1953 900 2037 gloria
914 1952 1058 2037 blegne.

185 2062 397 2128 Pharnacem
410 2063 517 2128 nimia
529 2085 620 2128 nunc
636 2065 819 2130 ambitione
832 2068 1029 2143 tumentem,

141 2172 227 2239 Cum
243 2174 382 2258 paribus
397 2172 525 2238 dudum
539 2174 644 2257 signis
659 2194 858 2240 concurrere
873 2174 972 2259 signa

141 2283 383 2366 Romanasque
400 2283 504 2361 acies,
520 2289 554 2348 et
567 2289 670 2349 tantae
686 2286 809 2350 rebem
822 2286 932 2369 gentis

141 2395 183 2460 In
198 2415 235 2458 se
252 2395 345 2459 civili
359 2394 467 2458 movit
481 2413 647 2459 conversa
656 2394 781 2472 furore,

142 2503 479 2587 Quaerendi‘regnum
493 2506 625 2588 pepulit
639 2525 720 2590 spes
734 2525 825 2572 vana
838 2510 1027 2590 paternum.

142 2615 254 2694 Quem
268 2616 377 2680 fallax
391 2616 500 2700 prim‘o
512 2615 602 2700 juvit
617 2615 779 2693 Fortuna,
792 2615 915 2681 futuris

141 2728 337 2810 Deceptura
348 2726 465 2806 malis3
489 2725 660 2809 Urbisque
676 2726 720 2790 ad
734 2726 863 2790 moenia
871 2745 1018 2810 magum,

50 2820 57 2833 “
142 2839 255 2918 Quam
270 2837 432 2901 debellati
444 2835 652 2901 Mithridatis
665 2840 836 2901 struxerat
849 2834 932 2901 olim

141 2946 328 3029 Pompeius
342 2949 594 3035 monumentum
608 2946 738 3030 ingens,
754 2946 882 3012 devicit
894 2946 1022 3033 iniquis

140 3059 203 3135 Te,
221 3057 350 3123 Domiti
363 3056 495 3134 infelix,
510 3057 609 3137 fatis;
632 3057 676 3122 ad
690 3062 772 3122 uota
784 3059 933 3131 tulerunt

142 3168 275 3233 Moenia
288 3167 458 3231 barbarici
473 3166 631 3232 Romana
644 3168 784 3252 piacula
797 3168 932 3235 Manes.

184 3279 317 3343 Lucida
327 3277 400 3361 jam
414 3277 533 3342 novies
545 3282 720 3360 repararet
733 3297 863 3345 cornua
876 3278 1008 3347 Phoebe

142 3390 196 3454 Ex
212 3408 280 3471 quo
297 3387 453 3450 Niliacas
468 3386 604 3452 devenit
618 3387 736 3453 Coesur
749 3389 785 3453 in
805 3409 896 3469 oras,

142 3500 352 3582 Reginaeque
366 3502 495 3561 tument
508 3496 617 3562 vitiati
636 3498 789 3581 pondera
802 3500 940 3567 ventris.

142 3608 255 3689 Quam
269 3609 383 3674 verbis
398 3606 516 3671 abiens
531 3607 661 3672 solatur
674 3606 792 3673 Caesar
806 3610 926 3675 amicis
940 3630 950 3677 z

142 3721 172 3785 0
188 3721 394 3804 fortrmarurn
408 3719 534 3784 rectrix
549 3717 733 3802 Cleopatra
745 3738 908 3797 mearum,

142 3831 289 3896 Caesaris
300 3836 334 3895 et
347 3831 465 3908 satum,
481 3828 540 3912 qui
556 3833 681 3893 caetera
693 3828 766 3892 fata
779 3828 954 3911 gubernat,

142 3942 201 4007 Me
215 3961 305 4006 nunc
320 3940 411 4006 bella
424 3945 560 4006 vocant.
575 3939 722 4004 crudelis
736 3941 930 4007 amantibus
942 3960 1039 4011 arma

139 4052 361 4135 Crudelisque
376 4051 442 4114 sibi
457 4049 775 4135 Phamaccsimpia
786 4054 934 4133 movit.
970 4144 974 4149 Ι
1094 4074 1098 4079 ·
1130 4074 1136 4083 ·

141 4165 324 4248 Exitioque
340 4182 403 4228 suo
418 4167 569 4228 nostrum
582 4163 795 4249 interrumpit
807 4181 967 4229 amorem

138 4279 193 4343 Tu
209 4275 329 4342 cobibe
344 4272 536 4358 lacrymam
556 4273 712 4345 devictus
722 4273 845 4343 sentiet
857 4272 970 4345 bostis.
