2784 4860
145 327 213 394 492
413 325 703 396 PETRONII
734 318 992 399 ARmrItl

35 548 40 555 .
144 499 412 589 circumscripta
425 520 521 567 mora
534 508 756 586 properantes
770 501 901 569 differat
913 522 1035 583 anuos,

145 610 280 691 Quaerit
293 631 331 677 se
346 617 477 689 natura,
492 632 556 676 nec
571 613 709 678 invenit.
733 596 890 680 omnibus
905 636 986 701 ergo

144 724 266 790 Scorta
279 724 428 809 placent,
442 724 608 810 fractique
623 726 737 791 enervi
753 745 895 811 corpore
910 747 1061 814 gressus,

143 833 189 900 Et
201 834 274 900 laxi
290 838 412 914 crines,
427 842 461 900 et
474 841 526 899 tot
538 855 630 901 nova
642 839 782 913 nomina
799 842 917 917 vestis,

144 942 302 1030 Quaeque
316 947 426 1012 virum
440 951 606 1031 quaemnt.
629 945 721 1011 Ecce
736 947 830 1015 Afris
846 956 942 1017 emta
955 952 1053 1018 terrie

143 1055 258 1122 citrea
271 1078 400 1137 mensa,
416 1077 535 1141 greges
551 1077 735 1139 servorum,
751 1067 948 1149 ostrumque
961 1064 1123 1151 maidens

142 1169 297 1247 Ponitur,
313 1178 355 1235 ac
370 1170 515 1234 maculis
530 1170 679 1234 imitatur
692 1171 819 1237 vilibus
835 1184 965 1252 aurum,

142 1276 232 1360 Quae
248 1300 386 1346 sensum
400 1281 546 1345 turbant.
568 1280 692 1344 hostile
708 1301 749 1347 ac
763 1284 890 1347 mobile
904 1285 1033 1367 lignum

140 1391 259 1458 Turba
273 1394 410 1478 sepulta
423 1411 516 1456 mero
532 1392 770 1457 circumvenit:
794 1395 974 1479 omniaque
990 1395 1085 1460 orbis
1188 1382 1192 1389 ¹

44 1564 57 1573 .
142 1503 301 1583 Praemia,
318 1504 484 1589 correptis
500 1504 599 1568 miles
613 1523 722 1586 vagus
736 1505 862 1568 extruit
875 1504 988 1570 armis.

141 1606 326 1698 Ingeniosa
340 1615 421 1697 gula
435 1619 498 1679 est.
521 1614 639 1678 Siculo
654 1633 773 1678 scarus
791 1634 930 1699 aequore
942 1630 1076 1681 mersus

141 1723 199 1790 Ad
211 1746 363 1790 mensam
377 1727 477 1792 vivus
492 1725 698 1810 perducitur,
713 1726 792 1790 inde
807 1727 965 1792 Lucrinis

141 1829 248 1902 Eruta
261 1838 431 1902 littoribus
446 1836 597 1901 vendunt
611 1838 792 1921 conchylia
807 1858 938 1917 coenas,
979 1922 986 1931 .

142 1939 191 2014 Ut
204 1954 367 2014 renovent
379 1970 440 2034 per
455 1949 579 2013 damna
592 1947 727 2014 famem.
744 1949 819 2033 jam
832 1950 1005 2017 Phasidos
1016 1948 1112 2017 unda

54 2048 57 2053 ’
141 2059 271 2126 Orbata
285 2067 338 2126 est
352 2062 493 2126 avibus:
515 2065 677 2145 mutoque
692 2063 729 2125 in
742 2062 855 2127 littore
869 2068 999 2129 tantum

141 2160 234 2238 Solae
250 2173 393 2238 desertis
409 2165 585 2258 adspirant
598 2162 776 2237 frondibus
791 2192 895 2239 amaa.
1007 2260 1011 2267 .

142 2283 219 2350 Nec
234 2287 343 2350 minor
357 2287 393 2349 in
408 2304 531 2369 campo
546 2276 638 2348 fruor
652 2290 715 2361 est,
731 2285 903 2369 emptique
921 2282 1074 2363 Qrirites

140 2394 198 2461 Ad
213 2398 366 2481 praedam
380 2383 624 2481 strepitumque
638 2394 725 2459 lucri
740 2383 900 2476 suffragia
914 2399 1058 2461 vertunt.

140 2506 284 2576 Venalis
299 2506 461 2593 populus,
470 2482 609 2573 ¹venalis
624 2506 720 2571 curia
734 2499 891 2569 Patrum:

141 2608 205 2683 Est
217 2618 315 2685 favor
327 2621 366 2684 lu
380 2621 508 2704 precio,
525 2620 665 2684 senibus
679 2635 816 2701 quoque
830 2615 938 2678 libera
951 2608 1059 2681 virtus

141 2728 337 2807 Exciderat,
353 2731 551 2815 sparsisque
567 2730 692 2815 opibus
708 2745 875 2791 conversa
888 2729 1053 2810 potestas,

141 2842 293 2926 Ipsaque
305 2843 468 2927 majestas
483 2862 566 2907 auro
582 2841 742 2923 corrupta
751 2836 902 2922 jacebat.
954 2830 959 2841 '

141 2951 284 3016 Pellitur
299 2973 320 3016 a
335 2953 465 3036 populo
481 2950 593 3018 victus
610 2943 716 3016 Cato:
739 2939 866 3012 tristior
880 2942 938 3010 ille
952 2947 1007 3013 est

41 3056 46 3063 ’
140 3061 212 3142 Qui
225 3065 318 3141 vicit,
332 3064 513 3151 fascesque
526 3062 634 3147 pudet
646 3054 803 3146 rapuisse
819 3050 953 3124 Catoni.

142 3174 301 3260 Namque
315 3175 381 3239 hoc
397 3162 547 3239 dedecus
563 3179 616 3239 est
629 3173 761 3259 populi,
777 3191 975 3257 morumque
990 3162 1099 3237 ruina.
1212 3232 1216 3239 .
1250 3170 1256 3177 '

142 3284 224 3351 Non
238 3288 339 3352 homo
354 3276 475 3371 pulsus
490 3290 579 3367 erat;
602 3285 714 3350 sedin
728 3303 796 3348 uno
811 3284 905 3348 victa
918 3287 1072 3366 potestas

141 3396 402 3482 Romanumque
417 3398 535 3462 decue.
558 3406 662 3481 quare
676 3401 746 3461 tam
760 3395 894 3480 perdita
908 3394 1022 3459 Roma

141 3506 296 3592 Ipsa-sui
309 3517 439 3572 merces
454 3511 537 3585 erat,
553 3507 587 3570 et
602 3498 675 3571 sine
689 3496 825 3574 vindice
840 3506 969 3592 praeda.

141 3611 313 3684 Praeterea
325 3620 458 3702 gemino
474 3614 676 3704 deprensam
691 3617 820 3702 gurgite
834 3607 988 3702 praedam

141 3728 299 3795 Foenoris
314 3726 460 3809 illuvies,
476 3750 628 3815 ususque
641 3724 803 3795 exederat
816 3727 906 3792 aeris.

141 3840 250 3906 Nulla
263 3846 316 3905 est
331 3845 423 3906 certa
437 3841 571 3920 domus,
585 3841 716 3905 nullum
731 3841 805 3905 sine
819 3839 959 3925 pignore
974 3856 1120 3926 corpust
1237 3822 1243 3839 ²

140 3952 210 4017 Sed
225 3953 331 4018 veluti
344 3949 442 4019 tabes
456 3955 570 4018 tacitis
585 3956 752 4037 concepta
765 3940 924 4047 medullis

140 4057 235 4129 Intra
248 4065 399 4131 membra
411 4065 526 4130 furens
542 4056 633 4130 curis
646 4062 848 4129 latrantibus
863 4065 961 4126 errat.

139 4173 246 4240 Arma
259 4176 397 4260 placent
410 4176 553 4254 miseris,
569 4177 750 4259 ditritaque
765 4164 945 4236 commoda
957 4162 1044 4235 luxu
1131 4162 1134 4167 ’
1242 4222 1251 4247 ,

140 4284 348 4358 Vulneribus
362 4293 571 4391 reparantur.
586 4288 688 4374 inops
702 4284 848 4352 audacia
860 4282 937 4351 tnta
949 4288 1012 4351 est.

1115 4372 1122 4381 --
1169 4354 1184 4395 ·.
1212 4332 1247 4393 572
