2784 4860
429 370 844 443 Lucaniam
876 367 946 436 111.

136 549 304 633 Tempore
320 553 399 614 sunt
412 553 496 631 apto
510 545 667 625 insidiae}
688 542 865 625 victorque
879 538 1040 604 'eruente'

135 660 269 743 Perque
284 660 387 736 viros,
404 677 531 742 perque
547 675 642 721 arma
653 656 747 721 viam
760 670 923 735 mucrone
936 650 1098 731 recludit3

137 770 266 853 Bisque
280 769 398 851 fugam
410 767 528 839 Caesar
542 768 652 833 solam
665 762 835 832 vincendo
849 761 994 845 paravit.

181 880 273 943 Dum
288 896 395 962 prope
410 878 508 960 signa
523 876 763 943 Ducum'vidit
775 873 1125 956 Rhnspinaduornm,
1147 930 1152 937 .

136 989 351 1071 Infestasque
366 986 531 1070 Aquilas,
540 986 652 1052 Uticae
668 987 857 1068 Pompeius
872 984 1004 1066 agebat.

138 1098 241 1162 Hanc
257 1097 344 1162 Cato
359 1097 531 1180 praesidiis
544 1098 673 1176 tenurit3
696 1114 774 1160 curn
788 1096 839 1159 sic
855 1093 942 1159 Cato
957 1099 1096 1161 sanctus

138 1207 333 1292 Alloquitur
342 1209 516 1292 juvenem,
531 1213 566 1273 et
580 1209 681 1273 dictis
696 1207 841 1290 castigat
854 1205 985 1270 amicis.

139 1318 244 1400 Surge
259 1320 381 1382 animis
396 1317 553 1401 Pompei,
568 1336 726 1400 magnum
740 1317 848 1402 petris
863 1336 977 1382 assere
990 1336 1124 1395 nomon,

139 1429 183 1492 Et
197 1430 328 1511 generis
342 1428 449 1493 fatum
464 1430 559 1493 tanti.
581 1433 732 1494 scrutare
746 1431 896 1492 remotos

137 1539 315 1602 Terrarum
329 1536 468 1615 tractus,
484 1559 547 1622 per
559 1558 729 1623 regnaque
745 1539 868 1603 dissita
881 1556 997 1622 quaere

139 1648 296 1727 Quantus
312 1650 489 1714 eratfama
504 1652 644 1731 genitor,
660 1654 872 1732 quantasque
886 1648 1024 1732 reliquit
1037 1706 1040 1713 ,
1119 1698 1124 1704 .
1206 1700 1208 1705 .

140 1759 299 1826 Nominis
314 1761 441 1825 haeredi
456 1762 532 1825 solo
547 1763 603 1826 vel
617 1762 753 1827 nornine
767 1761 869 1826 vires.

139 1871 297 1954 Pompeii
311 1878 391 1936 nato
407 1873 542 1956 gladios
555 1892 635 1956 quae
649 1878 738 1938 terra
751 1873 915 1956 negabit‘l

140 1983 228 2062 Quae
244 1983 305 2046 tibi
320 2003 389 2047 non
403 1985 534 2050 classes
548 1983 808 2070 (armis-pacata
821 1981 988 2068 paternis)

138 2093 293 2175 AEquora
307 2095 530 2175 praebebunt?
552 2094 661 2159 hostis
675 2100 709 2158 to
723 2094 853 2158 viribus
868 2112 1004 2177 aequum

138 2202 251 2266 Tanta
264 2204 349 2267 facit
363 2204 466 2280 sama,
482 2209 516 2268 et
529 2204 656 2269 mundo
669 2192 864 2268 uenerabile
873 2204 1025 2268 'nomene
1042 2218 1046 2223 ·
1133 2204 1138 2210 '

139 2311 177 2376 Si
191 2312 275 2376 libet
289 2313 464 2377 Occiduos
481 2313 583 2378 Orbis
597 2319 725 2380 tentare
739 2333 907 2391 recessus,

141 2422 385 2507 Hispanosque
401 2443 530 2490 anuare
544 2429 669 2504 truces,
681 2431 741 2492 tua
751 2428 854 2510 sigua
867 2430 1026 2510 sequetur

141 2534 320 2611 Cantaber,
336 2541 371 2599 et
385 2536 491 2601 Celtis
507 2539 659 2602 sociatus
673 2557 800 2602 nornen
812 2537 951 2617 Iberus3

140 2644 184 2708 Et
198 2651 271 2709 tota
285 2645 467 2710 Herculeis
482 2648 592 2729 pubes
607 2666 630 2710 a
642 2647 811 2724 Gadibus,
828 2647 917 2711 altos

140 2752 197 2818 Ad
212 2754 409 2837 Pyreuaeos,
424 2760 643 2840 extremaque
656 2757 772 2821 littora
785 2756 913 2821 mundi.

142 2864 179 2928 Si
194 2865 278 2927 nihil
294 2865 431 2928 omnino
446 2866 567 2947 patriae
581 2867 775 2931 miseranda
788 2872 941 2932 moverat

141 2975 287 3040 Afflictae
302 2977 422 3052 facies,
439 2978 470 3040 si
485 2976 533 3039 nil
547 2976 710 3040 moritura
723 2981 875 3041 moveret

141 3085 307 3162 Libertas,
324 3105 515 3169 possesque
529 3085 648 3150 hilaris
661 3087 786 3151 servire
800 3092 964 3169 tyranno:

140 3196 191 3260 Te
206 3198 340 3279 privata
353 3202 466 3261 tamen
479 3194 735 3262 facerentmala
750 3192 899 3263 Caesaris
906 3197 1055 3277 bostem.
1146 3220 1149 3225 ·

141 3305 179 3370 Si
193 3311 290 3389 pater
305 3327 398 3370 anua
411 3313 489 3371 tuus
504 3327 567 3391 pro
582 3309 735 3373 libertate
750 3308 898 3390 gerebat,

141 3417 267 3481 Nullus
281 3419 317 3481 in
332 3419 497 3482 Emathiis
512 3421 602 3503 plus,
618 3439 721 3503 quam
734 3425 783 3496 tu,
798 3420 947 3503 perdidit
960 3422 1069 3487 arvis:
1151 3470 1153 3474 .
1202 3368 1206 3375 ¹

141 3530 209 3594 Sed
225 3531 291 3594 sibi
307 3531 338 3594 si
353 3531 484 3612 genitor
497 3550 621 3615 campo
636 3531 850 3614 pugnavitin
864 3530 937 3610 illo,

140 3640 252 3704 Multo
268 3646 346 3704 sunt
358 3647 418 3704 tua
433 3642 557 3705 damna
569 3643 641 3706 illic
654 3642 796 3726 majora,
811 3644 941 3727 tibique

139 3750 292 3816 Abstulit
306 3751 490 3834 Imperium
503 3752 649 3817 victoria
662 3751 812 3817 Caesaris
825 3754 930 3818 orbis.

141 3863 209 3927 Sed
224 3865 325 3939 bona,
341 3883 419 3946 quae
433 3865 582 3929 moriens
596 3863 739 3929 Genitor
752 3844 816 3929 tib'i
830 3884 912 3931 vera
923 3867 1059 3952 reliquit
1157 3882 1193 3920 ·-.·
1214 3866 1218 3883 ⁴
1233 3890 1239 3911 ²

142 3975 227 4039 Sunt
240 3976 321 4039 vitae
337 3977 542 4060 exemplum,
557 3983 592 4041 et
606 3982 775 4060 gestarum
789 3966 934 4043 imitatio
947 3998 1067 4047 rerum·
1094 3971 1097 3975 ·
1128 3970 1137 3979 ..

142 4087 231 4153 Haeo
247 4087 309 4150 tibi
323 4086 499 4171 perpetuo,
515 4108 593 4173 quae
608 4108 677 4153 non
690 4090 803 4159 invisa
816 4095 970 4175 potestas
1086 4102 1091 4109 ’
1150 4101 1154 4109 ·

141 4199 300 4276 Caesaris,
316 4205 375 4263 aut
388 4199 522 4265 fortuna
535 4205 651 4285 potest
664 4201 806 4282 auferre,
820 4204 1014 4272 manebunt.

140 4312 326 4378 Labentem
340 4312 492 4379 Patriam
506 4315 629 4381 teneris
644 4316 798 4402 suscepit
811 4317 856 4383 eb
870 4318 979 4396 annis,
