2784 4860
349 345 795 426 CIVILIS²JBELLI
839 358 960 430 LIB..
987 362 1016 428 1.
1189 367 1233 432 57

128 519 197 584 Per
212 539 360 586 vacuum
375 523 485 591 solitae
507 527 621 594 noctis
643 529 819 596 decurrere
838 537 986 619 tempus,

128 629 173 695 In
186 632 336 699 medium
355 653 477 702 venere
497 637 606 705 diem:
631 659 803 726 cornuque
817 649 938 712 coacto

125 740 150 806 J
152 761 208 806 am
223 743 355 810 Phoebe
376 752 450 812 toto
463 748 600 816 fratrem
616 772 698 818 cum
712 755 866 822 redderet
881 758 974 835 orbe,

126 852 307 948 Terrarum
322 859 436 926 subita
450 854 617 944 pereussa
637 866 805 950 expalluit
822 869 952 934 umbra.

127 963 212 1047 Ipse
227 973 332 1050 caput
345 970 458 1038 medio
474 972 577 1041 Titan
596 996 675 1042 cum
689 977 790 1042 ferret
805 977 965 1065 Olympo,

127 1072 290 1142 Condidit
311 1081 467 1160 ardentes
487 1089 561 1150 atra
575 1087 721 1170 caligine
737 1109 865 1166 currus,

124 1185 342 1274 Involvitque
362 1193 478 1258 orbem
498 1198 657 1274 tenebris,
681 1204 865 1284 gentesque
881 1183 993 1285 coegit

127 1297 321 1383 Desperare
337 1303 446 1369 diem:
470 1308 606 1390 qualem
624 1309 774 1393 fugiente
788 1332 850 1395 per
866 1317 958 1378 ortus

126 1406 209 1473 Sole
228 1411 408 1497 Thyesteae
423 1422 560 1482 noctem
579 1420 707 1486 duxere
725 1421 896 1507 Mycenae.

127 1516 199 1583 Ora
212 1521 311 1588 ferox
326 1523 453 1591 Siculae
474 1528 606 1594 laxavit
625 1529 795 1598 Mulciber
816 1532 949 1615 AEtnee3
983 1564 985 1568 ¹

125 1627 162 1692 N
162 1649 204 1694 ec
223 1633 349 1698 tulitin
369 1638 496 1703 coelum
508 1638 675 1715 flammas,
702 1641 764 1704 sed
778 1643 905 1708 vertice
926 1663 1035 1727 prono
1139 1696 1142 1701 .
1220 1661 1224 1669 '

124 1739 221 1823 Ignis
235 1744 271 1807 in
287 1744 496 1830 Hesperium
515 1750 640 1815 cecidit
653 1751 755 1815 latus.
776 1757 850 1816 atra
866 1752 1055 1839 Charybdis
1072 1799 1074 1806 ·
1158 1836 1166 1846 „

124 1851 355 1938 Sanguineum
369 1858 475 1924 fundo
496 1862 594 1926 torsit
610 1881 713 1926 mare.
736 1862 849 1928 flebile
865 1866 951 1930 saevi

14 2054 19 2058 ·
123 1962 307 2031 Latravere
322 1988 437 2034 canes.
480 1970 616 2036 Vestali
630 1977 752 2056 raptus
764 1974 809 2057 ab
825 1993 885 2038 ara

123 2074 231 2156 Ignis,
255 2081 289 2142 et
303 2080 485 2146 ostendens
501 2083 676 2148 confectas
691 2083 827 2148 flamma
841 2085 982 2153 Latinas
1162 2058 1227 2157 550

123 2185 296 2254 Scinditur
312 2190 349 2254 in
368 2196 494 2275 partes,
518 2195 916 2278 geminoque-cacumine
938 2199 1054 2282 surgit,

124 2295 309 2365 Thebanos
324 2301 455 2368 imitata
469 2324 582 2388 rogos.
600 2309 672 2370 tum
693 2306 830 2370 cardine
851 2307 951 2374 tellus

125 2407 299 2489 Subsedit,
320 2418 535 2499 veteremque
545 2415 640 2500 jugis
655 2416 852 2503 nutantibus
867 2415 976 2500 Alpes

255 2526 304 2609 555
321 2562 457 2611 casanae.
510 2564 512 2568 ⁴
572 2561 700 2614 seraa
717 2563 795 2610 meac.
910 2564 958 2611 ⁵42
972 2572 1113 2626 gentemque.

430 2628 478 2678 552
496 2626 659 2690 Thebanasque.
790 2628 838 2678 552
856 2635 919 2674 tuac.
1090 2627 1096 2642 ‘

156 2753 215 2802 5³⁷.
234 2749 264 2798 15
283 2752 382 2800 caedium
400 2752 570 2816 5555555155]
587 2750 669 2816 Αρραέ
723 2754 779 2802 540.
797 2753 881 2801 Flebile
896 2755 955 2809 5551,
972 2753 1029 2817 &c.]
1050 2755 1226 2816 Scyllamque

124 2831 192 2864 ruore
211 2817 289 2863 medio
301 2817 346 2864 die.
368 2817 488 2880 canaque
506 2827 588 2874 coemo,
608 2818 664 2882 &c.]
690 2818 715 2865 in
726 2819 785 2865 freto
794 2818 880 2872 Siculo,
893 2834 960 2879 quem
967 2819 1062 2866 canibus
1072 2819 1166 2868 marinis
1175 2837 1227 2870 suc-

126 2882 194 2930 1555
210 2881 305 2936 defecit,
324 2883 394 2944 pleno
402 2884 449 2942 jam
460 2884 516 2929 orbe
527 2884 599 2930 instar
609 2884 665 2930 solis
690 2882 789 2930 cinctam
811 2883 905 2945 inguine
925 2883 1020 2944 fingunt,
1043 2889 1138 2944 propter
1152 2886 1227 2935 undas

124 2952 150 2992 et
159 2947 253 3007 objectu
264 2953 331 2992 terrae
341 2944 461 3008 impedita,
475 2963 504 2993 ne
516 2947 588 2995 solem
598 2947 664 2996 vide·
690 2947 795 2994 cavernis
806 2948 896 3008 scopuli
913 2947 991 2995 allisas
1010 2953 1034 2996 et
1051 2949 1135 2997 latrare
1157 2951 1228 3009 visas,

123 3017 167 3056 ret.
209 3009 281 3058 Parte
295 3011 342 3058 alia
356 3011 431 3072 pierres
449 3013 542 3058 55115515
565 3012 664 3075 Cynthia
686 3014 735 3072 jam
748 3011 826 3059 flebile
839 3012 952 3075 quiddam
960 3013 1044 3060 sonuit.

121 3075 200 3122 vultus
212 3073 242 3122 Et
254 3076 327 3122 lucem
343 3077 422 3124 sceleri
432 3078 545 3124 subducit.
568 3078 662 3126 Patron.
721 3081 778 3127 549.
802 3075 885 3125 Vestali
894 3087 981 3139 raptas,
994 3075 1050 3141 &c.]
1068 3078 1133 3140 ignis
1144 3081 1226 3128 Vesta·

157 3142 214 3188 538.
230 3139 335 3188 Fratrem
352 3157 404 3188 cam
425 3141 551 3204 redderet]
569 3144 663 3202 Reprae-
689 3141 727 3196 lis,
740 3144 769 3189 de
779 3157 824 3202 quo
836 3157 905 3203 supra
914 3158 975 3189 vers.
989 3143 1182 3192 mentiatur.

122 3211 224 3252 tentaret
232 3205 309 3252 Solem
318 3206 408 3268 integra
418 3207 564 3254 rotunditate.
721 3207 776 3254 550.
795 3202 919 3254 Ostendehs
927 3205 1046 3272 confectus,
1055 3203 1112 3270 &c.]
1124 3209 1226 3259 Flamma

156 3272 213 3319 540.
230 3268 282 3330 lpse
297 3279 368 3331 capot
389 3272 468 3327 meda,
488 3270 545 3334 &c.]
562 3271 602 3318 Sal
614 3272 663 3331 jam
688 3270 796 3318 sacrificii
807 3273 867 3331 quod
876 3273 943 3318 fiebat
954 3273 1009 3320 dori
1018 3271 1103 3318 Latieli
1112 3271 1138 3318 15
1148 3280 1226 3323 monto

123 3333 281 3382 meridionalis
300 3335 426 3396 deliquium
438 3351 520 3396 pessus
538 3342 575 3383 est
592 3335 662 3382 inter·
688 3335 787 3391 Albano,
807 3332 943 3398 conceptum
963 3335 1055 3382 nomine
1071 3351 1127 3396 pop.
1145 3337 1226 3386 muni

122 3406 194 3446 ventu
209 3401 286 3447 Lunoe.
322 3399 368 3447 Ore
379 3410 473 3449 cruento
492 3399 605 3464 Deformis
624 3399 662 3462 Ti·
687 3398 712 3445 15
732 3401 797 3447 feriis
815 3401 906 3447 Latinis
927 3400 1048 3461 quotannis
1065 3396 1143 3448 libb.
1162 3418 1225 3451 vers.

124 3471 165 3510 tan
175 3464 252 3511 vultus
266 3464 365 3528 caligine
379 3466 441 3512 tecit.
463 3466 557 3513 Petrcn.
687 3467 744 3512 400.
756 3465 781 3511 15
791 3467 849 3512 duas
859 3472 937 3526 partes
952 3465 1029 3513 diviso
1039 3465 1152 3521 ascendit,
1162 3466 1225 3514 divi-

157 3531 213 3579 543.
231 3527 488 3594 Qualemfugimeper
498 3529 579 3592 ortua]
597 3527 662 3576 Siout
687 3528 775 3576 sionem
799 3536 823 3576 et
840 3530 979 3579 discordium
996 3531 1144 3590 portendens.
1167 3529 1225 3578 Goa-

31 3602 38 3615 ·
123 3591 180 3641 olim
198 3593 581 3643 mortum-reversosolecoenam
596 3595 661 3641 Atrei
679 3592 776 3658 fectae]
798 3594 902 3642 Finitus:
926 3592 977 3641 nam
996 3600 1090 3655 peracto
1113 3585 1226 3643 nocturno

122 3659 276 3707 abominante.
299 3659 353 3707 vide
379 3661 474 3706 Senecae
493 3661 619 3722 Thyesten,
638 3666 662 3706 et
686 3658 1055 3706 sacrificiobatinoelibitaeerant.
1073 3659 1223 3708 Unde'slibi:

121 3723 369 3784 qnoenosadeborum
381 3726 430 3785 ejas
441 3725 513 3772 ultim.
688 3721 751 3771 Vidit
754 3721 907 3789 flammiferas
923 3723 1035 3789 confectas
1044 3733 1108 3772 nocte
1120 3723 1223 3773 Latinae.

156 3789 213 3837 545.
232 3787 451 3853 OraseroaSiculae,
467 3788 523 3852 &c.]
545 3788 659 3845 Crateras,
688 3787 801 3852 15055]
820 3790 856 3836 lta
877 3804 939 3850 saepu
958 3787 1063 3835 absolute
1077 3789 1180 3850 ponitur,
1197 3795 1224 3838 ut
1297 3788 1305 3808 ¹

121 3851 184 3901 undo
195 3855 303 3909 1155555,
314 3855 397 3910 fumos,
414 3861 437 3901 et
447 3854 561 3902 interdum
571 3852 661 3914 lapides
685 3855 843 3909 subaudiatur,
852 3851 936 3918 ferias.
957 3852 1078 3912 sulpitius.

121 3919 230 3966 55155155
239 3925 327 3965 eructat
337 3919 406 3985 AEtna
421 3935 486 3967 mous
497 3917 590 3973 Siciliae,
607 3934 661 3979 epe·
717 3921 774 3966 552.
792 3917 905 3966 Thebanos
914 3916 1183 3982 1555155555111531,
1199 3917 1224 3966 in

119 3982 177 4039 ruit,
188 3999 262 4044 neque
274 3984 375 4030 flammas
384 3999 474 4033 sursum
484 3983 547 4031 misit
556 3990 582 4030 ut
593 3983 661 4031 solita
685 3999 753 4043 quern
769 3985 867 4044 eundern
878 3982 985 4031 Eteocles
1002 3987 1026 4029 et
1039 3982 1165 4044 Polynices
1175 3983 1224 4031 ‘filii

121 4053 167 4104 est,
185 4049 227 4096 sed
239 4047 331 4096 ltaliam
349 4064 431 4096 versus
445 4048 573 4103 inclinatus,
595 4049 660 4109 quasi
685 4047 1224 4111 OEdipiapud'l'bebasmutuisconcisivulneri·

119 4128 176 4161 mox
187 4111 252 4160 civili
264 4113 326 4160 bello
340 4128 448 4160 usuram.
481 4112 577 4175 Jamque
588 4111 661 4159 AEtaa
685 4113 728 4158 bus
735 4113 827 4160 fuerunt
835 4112 942 4172 conjecti,
948 4111 1130 4159 flammainduas
1137 4127 1163 4159 55
1170 4127 1223 4174 per·

119 4179 232 4226 55551551
268 4178 272 4188 “
288 4178 423 4225 mirocletis.
446 4179 541 4226 Petron.
684 4183 720 4224 tes
732 4177 1223 4233 5151515515τυὶ5011155115815515515.
1318 4213 1329 4228 a

154 4244 211 4292 54⁷.
222 4178 367 4306 0815150555]
375 4243 478 4291 Siculam
488 4241 608 4299 belamin
615 4258 660 4303 que
717 4244 773 4291 553.
791 4241 913 4305 Subsedit]
935 4241 1034 4303 Didaeta
1041 4240 1159 4288 inhiatum
1168 4240 1223 4301 sab-

122 4306 251 4368 Charybdis
259 4322 344 4370 vorago
356 4307 528 4370 sanguineum
538 4308 660 4356 1555555-
684 4307 752 4356 sedit.
768 4305 990 4375 Veteremqoejugb,
1002 4305 1059 4368 &c.]
1070 4307 1149 4359 Terras
1159 4311 1224 4373 matu

122 4372 190 4428 lavit.
331 4413 337 4423 ,
493 4392 495 4397 ,
685 4371 778 4434 anuas
789 4371 890 4434 Alpibus
900 4370 1006 4440 55555555
1016 4369 1093 4441 51555.
