2784 4860
334 355 557 424 CIVILIS
601 356 772 426 BELLI
818 355 932 422 LIB.·
966 355 1037 420 IX.

139 533 352 615 Aggreditur,
371 536 552 617 nullusque
567 540 682 617 potest
696 535 881 598 consistere
896 533 1006 610 miles»,

139 643 314 707 Instabilis
329 634 436 726 raptis
451 645 564 719 etiam,
580 663 666 726 quas
683 645 804 721 calcet,
822 645 944 708 arenis.

140 753 344 818 Concuteret
358 761 475 830 terras,
493 755 675 835 orbemque
691 774 712 816 a
723 755 804 817 sede
823 758 984 828 moveret,

140 863 178 926 Si
194 865 306 927 solida
320 864 427 945 Libye
444 880 620 946 compage,
637 869 671 926 et
684 864 833 946 pondere
849 863 932 925 duro

140 971 321 1037 Clauderet
336 974 449 1037 exesis
464 971 626 1036 Austrum
642 974 827 1054 scopulosa
842 971 1015 1035 cavernis:

141 1083 210 1145 Sed
227 1085 308 1165 quia
322 1084 506 1146 mobilibus
521 1083 635 1146 facilis
650 1083 801 1145 turbatur
822 1082 944 1158 arenis,
957 1101 960 1104 ·

142 1191 323 1275 Nusquam
337 1193 499 1256 luctando
515 1193 647 1256 stabilis
662 1197 795 1254 manet:
818 1192 954 1272 imaque
968 1189 1068 1252 tellus

141 1302 226 1379 Stat,
244 1304 325 1384 quia
340 1322 472 1365 summa
485 1302 582 1383 fugit.
597 1302 724 1382 galeas,
739 1307 773 1365 et
794 1306 893 1364 scuta
906 1297 1065 1375 virorum,

140 1412 285 1494 Pilaque
302 1413 466 1476 contorsit
481 1413 631 1474 violento
648 1411 893 1492 spiritusactu,

140 1522 361 1603 Intentusque
376 1522 453 1585 tulit
467 1521 580 1601 magni
595 1540 655 1603 per
670 1521 786 1583 inania
802 1522 894 1584 coeli.

140 1632 231 1695 Illud
246 1633 281 1695 in
296 1637 435 1695 externa
449 1631 565 1694 forsan
584 1632 752 1712 longeque
768 1637 898 1696 remota

140 1743 338 1824 Prodigium
354 1744 471 1805 tellure
486 1741 567 1805 fuit:
591 1720 802 1824 delapsaque
818 1743 909 1805 coelo

140 1852 246 1915 Arma
260 1854 379 1915 timent
393 1856 521 1932 gentes,
536 1851 777 1935 hominumque
799 1858 916 1935 erepta
933 1852 1070 1916 lacertis

140 1961 173 2025 A
189 1950 329 2044 Superis
345 1962 496 2025 demissa
510 1965 641 2042 putant.
665 1962 715 2025 sic
731 1963 792 2025 illa
806 1963 961 2045 profecto
1046 1997 1049 2002 ·
1079 1997 1080 2000 ¹

141 2072 304 2136 Sacrifico
322 2073 476 2135 cecidere
493 2071 630 2146 Numae,
647 2092 724 2153 quae
742 2073 833 2136 lecta
843 2073 1004 2156 juventus
1047 2081 1049 2087 '

142 2182 285 2247 Patritia
301 2182 434 2245 cervice
449 2187 582 2245 movet:
607 2182 816 2263 spoliaverat
829 2180 955 2246 Auster

140 2290 211 2356 Aut
226 2293 356 2355 Boreas
372 2293 521 2375 populos
536 2293 663 2355 ancilia
674 2299 791 2357 nostra
805 2293 962 2356 ferentes.
995 2310 999 2316 ’
1177 2288 1243 2354 480

143 2404 200 2466 Sic
217 2405 332 2466 orbem
347 2409 523 2485 torquente
541 2402 635 2467 Noto
652 2402 811 2467 Romana
821 2404 983 2485 juventus
1163 2388 1167 2394 ’

143 2513 343 2588 Procubuit,
360 2519 581 2594 metuensque
596 2514 683 2595 rapi,
700 2513 902 2577 constrinxit
916 2511 1073 2588 amictuS,

144 2624 357 2707 Inseruitque
373 2645 494 2687 manus
506 2630 624 2686 terrae:
647 2643 711 2686 nec
727 2622 876 2704 pondere
892 2622 980 2696 solo,

144 2734 212 2797 Sed
231 2735 315 2797 nixu
326 2736 447 2817 jacuit,
463 2736 524 2797 vix
537 2735 588 2797 sic
604 2733 788 2796 immobilis
806 2730 945 2806 Austro,

147 2882 195 2928 469
206 2882 272 2941 quod.
354 2884 401 2928 471
415 2881 480 2942 quod.
561 2881 610 2928 474
620 2888 724 2936 extremo.
815 2880 864 2928 475
873 2879 1007 2940 ‹lilupscque
1090 2876 1137 2925 4⁷⁷
1150 2872 1246 2925 dimitto.

241 2948 289 2992 488
301 2945 424 3007 timuitque.
491 2947 539 2993 488
550 2947 613 2999 ruort,
622 2946 762 3005 cmutrutgr't.
772 2946 832 3004 rapi,
841 2945 981 3006 perstringit.
1046 2945 1095 2991 484
1106 2943 1164 2989 nim.

177 3070 233 3115 465.
254 3067 332 3127 Raptis
341 3068 429 3130 etium]
446 3072 466 3115 A
476 3075 545 3115 vento
552 3067 684 3115 subtractis.
710 3073 785 3115 torum
796 3067 820 3115 in
832 3067 930 3116 sublime
940 3077 1022 3117 evecta
1032 3068 1183 3131 elonginquis
1190 3069 1248 3118 locis

176 3136 233 3181 466.
252 3132 382 3179 Corwuteret
397 3135 487 3196 terrac]
505 3134 573 3192 Quod
593 3133 613 3178 si
624 3133 685 3177 Atri-
710 3133 765 3178 ferri
776 3139 846 3192 atque
856 3134 910 3180 inde
921 3135 1037 3190 decidere,
1054 3150 1183 3197 quenquam
1197 3135 1248 3182 htec

145 3213 173 3242 cu
183 3197 258 3242 durati
270 3204 333 3242 esset
344 3199 397 3252 soli,
416 3199 477 3258 quod
494 3197 571 3243 ventis
590 3196 685 3243 resiste·
710 3196 749 3243 elii
761 3213 774 3242 s
786 3197 862 3244 calore
875 3199 936 3245 Solis
948 3199 1031 3259 attrsbi
1042 3205 1110 3260 atque
1121 3199 1254 3260 cx'aptitu·.

145 3268 198 3319 ret3
215 3268 253 3306 uut
272 3277 405 3319 cavernosa,
425 3278 476 3320 quse
494 3270 575 3308 ventos
593 3261 685 3307 claude·
710 3261 764 3307 diue
784 3263 886 3310 rusterioe
903 3264 986 3310 mutari
1005 3264 1109 3310 creduut.
1132 3257 1206 3311 Arist.
1224 3266 1248 3312 5.

145 3333 194 3371 ret:
212 3333 332 3370 ventorum
350 3327 431 3386 procul
451 3326 522 3372 dubio
536 3325 600 3372 rabie
611 3325 684 3370 dimo·
711 3327 783 3385 Phys.
793 3342 843 3388 cap.
865 3329 887 3374 2.
904 3330 973 3375 etde
991 3345 1041 3389 gen.
1062 3327 1151 3374 animal.
1170 3328 1211 3375 lib.
1223 3326 1247 3375 4.

145 3395 238 3436 veretur
249 3405 261 3433 e
273 3389 334 3437 loco.
353 3391 471 3450 orbemque
481 3407 495 3435 u
511 3392 561 3438 sede
570 3388 684 3450 moueret]
711 3406 761 3451 cap.
774 3395 798 3438 4.

145 3454 213 3499 Illam
224 3454 287 3499 orbis
297 3462 396 3512 partem,
408 3455 513 3513 Libyam.
742 3455 798 3503 477.
817 3454 853 3502 Sic
863 3456 904 3504 itta
919 3454 1036 3520 prefectu]
1054 3457 1091 3502 lu
1101 3457 1198 3502 fortasse
1210 3458 1249 3502 ari·

178 3520 234 3563 470.
253 3517 372 3565 luctando
389 3519 474 3564 stabilis
491 3517 585 3580 munet]
604 3517 684 3564 Resis-
710 3519 755 3566 cile
766 3519 825 3565 illud
836 3522 898 3579 quod
907 3522 991 3567 Numae
1002 3520 1196 3581 temporeecoelo
1208 3520 1249 3567 de·

146 3581 217 3629 tendo
229 3589 350 3628 ventorum
363 3583 462 3628 flatibus.
710 3584 796 3630 cidisse
805 3584 916 3645 creditur,
927 3584 1017 3631 aliunde
1034 3586 1079 3632 huc
1098 3591 1167 3631 vento
1185 3585 1248 3631 dels-

178 3649 235 3692 471.
253 3645 323 3707 sut]
352 3648 405 3692 Nou
425 3647 562 3693 concutitur.
592 3646 683 3711 Fugit]
710 3655 813 3695 tumest.

146 3711 216 3757 Cedit
227 3713 320 3756 Austro.
540 3718 541 3723 ’
728 3716 799 3770 478.
816 3711 921 3774 Sacrifico
929 3712 1027 3760 cecidere
1046 3710 1150 3773 Nurum]
1167 3713 1248 3761 Sacro·

177 3778 234 3823 4⁷9.
253 3775 474 3836 Spiritru.]Ventus.
484 3775 683 3837 Actu.]1mpulsu.
710 3792 761 3822 rum
772 3784 795 3824 et
803 3777 921 3837 religionis
931 3778 1066 3824 institutori.
1084 3776 1153 3823 Lecta
1161 3779 1247 3839 juven-

179 3842 235 3886 473.
257 3838 397 3900 Intentusque
417 3841 469 3886 tulit
491 3841 587 3903 magni]
605 3840 685 3886 Conti-
710 3841 818 3905 tus,&c.]
836 3842 900 3896 Selii,
919 3843 1049 3890 sacerdotes
1062 3841 1154 3899 Martis,
1171 3857 1185 3887 e
1202 3843 1248 3889 Ps-

145 3920 213 3959 uuus,
225 3919 268 3949 uon
280 3906 441 3951 intermittens,
460 3905 506 3951 Per
522 3907 601 3951 inccta
615 3905 684 3968 ccli]
711 3906 780 3952 tritiis
791 3899 853 3952 lecti'.
863 3907 905 3953 lib.
919 3911 942 3953 1.
954 3923 990 3954 rs.
1002 3910 1058 3955 603.
1195 3913 1197 3916 ’

147 3970 266 4015 Persem.
743 3974 799 4019 481.
818 3969 897 4018 Orbem
917 3979 1037 4034 torquente,
1057 3970 1114 4034 δια]
1147 3970 1245 4029 Arenss,

179 4038 235 4081 474.
254 4032 317 4079 Illud
339 4035 364 4079 iu
383 4042 481 4087 extunc,
504 4033 561 4095 &c.]
586 4033 685 4079 Videtur
710 4041 794 4082 terram
805 4035 923 4096 Libycum,
933 4043 960 4083 ut
968 4041 1038 4099 supra
1046 4051 1081 4084 vs.
1093 4038 1149 4085 466.

146 4106 215 4158 poeta
225 4114 269 4143 nou
285 4105 330 4144 tam
343 4099 372 4143 ud
384 4098 501 4153 miracula,
517 4104 540 4144 et
552 4097 686 4158 praemonita
743 4102 800 4146 483.
817 4098 865 4147 Nec
873 4102 971 4162 pondere
987 4100 1053 4164 sola]
1070 4100 1118 4165 Vix
1136 4096 1208 4160 prono
1224 4100 1248 4146 in

148 4164 251 4208 Deorum
263 4164 349 4208 referre
364 4163 404 4208 hus
420 4163 511 4223 pluvias
529 4158 685 4222 prodigiosus,
710 4170 795 4210 terrum
814 4164 872 4211 nixu
891 4160 1004 4212 seburreti
1023 4167 1148 4213 tuebuntur
1162 4179 1187 4210 se
1200 4165 1247 4224 Ro·

145 4242 214 4285 quam
224 4228 253 4272 ud
261 4227 372 4272 rationem
382 4227 513 4286 Physicum.
525 4233 592 4286 utque
602 4227 625 4272 in
635 4227 685 4271 illo·
710 4229 778 4284 mani,
790 4245 836 4289 quo
847 4230 923 4276 minus
934 4233 964 4277 ab
971 4231 1057 4278 Austro
1069 4230 1234 4288 abriperentur.

146 4307 196 4336 rum
215 4291 327 4337 inclinare
347 4292 490 4346 senteutiam,
507 4291 546 4351 qni
564 4291 685 4350 opinentur
743 4296 798 4342 484.
816 4293 899 4359 Nicro]
939 4296 1036 4350 Conetu,
1057 4311 1085 4341 ne
1105 4299 1245 4353 raperentur.

146 4356 194 4411 ille,
207 4372 257 4415 qua
267 4356 298 4402 ile
306 4372 347 4416 per
356 4356 458 4418 pluviam
468 4356 586 4412 decidunt,
599 4356 621 4402 vi
630 4371 684 4402 ven·
710 4356 800 4420 Sulpit„
