2784 4860
69 333 74 342 ’
128 328 135 342 “
178 345 245 414 aaa
437 343 489 412 ru.
522 343 722 415 annal
766 345 982 415 Lucani

1178 474 1194 527 ,Ὺ

179 517 344 587 Excutim
358 521 498 604 stagnis,
515 525 549 586 et
564 521 609 586 sit
622 542 725 588 mare.
741 524 860 589 nubila
873 540 1056 606 nusquam

179 628 425 715 Undarumque
439 632 562 698 minse:
585 635 677 698 coelo
693 635 884 717 languente,
899 634 1055 719 fretoque

140 798 152 816 .
179 740 362 826 Naufragii
376 763 458 826 spes
474 728 584 808 omnis
600 745 683 809 abit.
699 745 760 809 sed
774 750 875 810 nocte
889 744 1008 827 fugata
1206 742 1288 829 ’466

179 846 319 920 Laesum
334 855 424 918 nube
440 855 531 919 diem
541 855 644 939 jubar
659 855 791 932 extudit,
807 857 944 939 imaque
960 855 1089 923 sensim

179 964 367 1031 concussit
380 965 506 1050 pelagi,
526 967 700 1048 movitque
716 965 886 1030 Ceraunia
899 967 1025 1032 nautis

179 1076 267 1144 Inde
281 1079 358 1162 rapi
372 1097 510 1161 coepere
524 1083 627 1156 rates,
644 1081 758 1160 atque,
775 1096 916 1159 aequora
930 1077 1078 1142 classem

181 1185 298 1255 Curva
312 1191 422 1273 sequi,
439 1209 517 1272 quae
526 1189 600 1273 jam
615 1194 729 1266 vento,
744 1187 918 1271 fluctuque
933 1187 1086 1252 secundo
1167 1179 1172 1183 ’

180 1297 300 1384 Lapsa
315 1299 522 1365 Palaestinas
536 1300 636 1364 uncis
653 1299 794 1363 confixit
808 1318 940 1363 arenas.
1220 1290 1286 1366 460

226 1409 343 1474 Prima
359 1410 464 1474 duces
480 1410 566 1474 vidit
576 1411 706 1494 junctis
723 1410 907 1474 consistere
924 1411 1046 1475 eastris

178 1518 310 1598 Tellus,
328 1541 432 1604 quam
446 1521 587 1585 volucer
601 1520 773 1598 Genusum
795 1540 897 1605 quem
917 1515 1053 1586 mollior
1066 1517 1186 1605 Apsus

181 1628 402 1698 Circumeunt
421 1631 517 1723 ripis.
550 1631 649 1715 Apso
665 1638 796 1715 gestare
814 1633 948 1697 carinas
964 1648 979 1673 ⁸

181 1742 299 1809 Causa
312 1745 424 1829 paluS,
439 1745 509 1808 leui
531 1763 635 1828 quam
648 1744 771 1808 fallens
788 1744 893 1826 egerit
906 1743 1010 1809 unda.
1204 1810 1207 1815 ,

179 1854 229 1920 At
243 1853 420 1919 Genusum
434 1874 524 1920 nuuc
540 1854 613 1919 sole
628 1854 736 1931 niveS,
757 1874 847 1919 nunc
862 1855 968 1920 imbre
989 1853 1114 1921 solutae
1159 1850 1164 1861 ’
1187 1870 1193 1879 ’
1218 1854 1286 1922 466

180 1963 425 2049 Praecipitantr
448 1972 565 2030 neuter
579 1966 683 2046 longo
699 1985 736 2028 se
752 1965 880 2048 gurgite
895 1966 1015 2046 lassat,

181 2073 252 2140 Sed
268 2078 444 2141 minimum
460 2083 556 2142 terrae
572 2076 687 2141 vicino
695 2077 813 2147 ,littore
832 2074 937 2142 novit.

180 2184 264 2252 Hoc
278 2187 414 2252 famma
431 2189 510 2252 loco
531 2192 635 2255 tantae
656 2187 724 2252 duo
746 2188 886 2254 nomina
899 2189 1000 2256 famae

180 2296 403 2382 Composuit:
426 2299 608 2383 miserique
626 2298 690 2363 fint
705 2318 786 2382 spes
802 2299 896 2363 irrita
914 2301 1047 2383 mundi„

180 2406 293 2478 Posse
308 2409 414 2482 duces
430 2430 537 2494 parva
552 2409 666 2496 campi
686 2410 831 2486 statione
854 2410 1039 2497 diremptos
1219 2414 1286 2481 47⁰

180 2571 293 2622 maara
358 2577 535 2637 arcturaque.
601 2574 744 2635 461janais
753 2572 816 2620 vuar.
882 2575 930 2622 461
939 2572 1058 2628 aarum.
1118 2564 1284 2623 masma.

212 2637 372 2700 acutianus.
438 2642 486 2689 463
498 2639 581 2701 Hapao.
648 2640 697 2686 465
707 2637 824 2686 Genusum.
889 2640 1058 2687 monacnum.
1124 2641 1174 2688 466
1184 2639 1253 2688 tanat.

180 2789 259 2830 cesam
275 2782 344 2829 inerti
360 2789 453 2844 torpore
471 2787 584 2844 stagnare,
601 2781 681 2829 redeat
697 2778 722 2826 in
748 2780 777 2826 de
796 2779 842 2826 bel.
858 2778 905 2827 cir.
926 2776 994 2825 Uncia
1012 2777 1101 2842 corfiar't
1118 2776 1218 2841 arenas]
1237 2780 1285 2828 Aa·

180 2862 246 2895 auam
256 2853 359 2894 naturam
368 2848 528 2907 exciteturque
539 2846 623 2892 ventis.
748 2844 816 2890 coris.

213 2913 270 2962 454.
291 2912 350 2958 Calo
356 2911 495 2976 languente]
511 2909 593 2957 Ventis
603 2911 722 2971 quiescen·
780 2911 837 2959 461.
854 2905 934 2956 Prima
944 2908 1014 2955 duces
1027 2907 1093 2963 uidit,
1106 2907 1163 2970 aa]
1180 2908 1217 2957 Eo
1227 2914 1285 2959 tom·

180 2975 253 3031 ubas,
262 2977 361 3023 nubibus
371 2993 483 3039 nusquam
494 2976 665 3036 apparentibus.
746 2988 804 3034 pore
815 2973 941 3035 Pompeius
956 2979 1007 3020 erat
1021 2973 1045 3019 in
1056 2973 1182 3021 Candavia.
1195 2974 1286 3023 Anaia

213 3043 271 3088 455.
290 3039 425 3106 Naufragii,
439 3040 496 3103 dra]
520 3040 656 3102 invasitque
673 3056 722 3087 me·
747 3053 804 3085 vero
815 3041 931 3086 Caesarem
940 3037 1063 3085 advenisse
1073 3046 1098 3086 et
1107 3039 1285 3100 recepimus·

180 3110 219 3154 tus
229 3105 304 3153 famis.
748 3119 800 3150 eum
811 3111 835 3150 et
849 3103 1013 3165 Apolloniam
1030 3103 1176 3163 Dyrrhaaffio
1193 3104 1285 3162 timens,

213 3172 270 3219 456.
284 3169 373 3217 Lusum
381 3170 460 3234 nuta]
472 3169 581 3218 Nubibus
588 3170 721 3217 obductum.
747 3168 893 3229 adproperat.
911 3169 990 3216 Cesar
999 3164 1029 3215 ad
1039 3169 1094 3216 dur.
1105 3168 1201 3230 Aprum·
1209 3176 1286 3219 mua

212 3239 270 3286 457.
296 3235 410 3298 Movitqae
431 3234 566 3296 Caranum]
600 3236 722 3282 Submovit
747 3233 834 3294 posuit,
846 3234 971 3295 Pompeius
982 3241 1044 3291 traua
1055 3233 1146 3282 flumen.

181 3315 213 3347 ex
229 3300 303 3349 oeulis
318 3309 445 3357 nautarum,
463 3301 587 3362 agitatione
602 3301 721 3347 fluctuum.
771 3301 835 3351 462.
854 3298 968 3356 Genmus,
992 3314 1059 3361 quant
1086 3298 1172 3346 numer
1190 3298 1284 3375 Apsus]

181 3364 287 3413 Hortens.
308 3365 420 3428 Muciique
432 3366 545 3420 Ceraunia
563 3363 660 3426 nautia]
678 3364 722 3412 Ce·
747 3364 954 3411 Maeeduniaetluv.

179 3432 260 3477 raunia
279 3431 346 3491 Epiri
366 3439 456 3478 montes
470 3430 559 3478 moveri
575 3430 721 3485 videbantur,
779 3431 836 3475 463.
853 3426 1284 3493 Apso,&o.falteauegeritundu.]dp·

178 3499 234 3542 aum
246 3511 317 3542 naves
331 3496 406 3542 ventis
418 3497 564 3557 agitarentur.
747 3507 786 3538 aus
798 3493 881 3541 leniter
897 3494 969 3541 fluens
986 3500 1085 3555 stagnat,
1102 3493 1202 3555 ideoque
1218 3496 1284 3544 uari·
1341 3501 1346 3509 “

213 3562 270 3610 458.
299 3561 371 3621 Atque
389 3576 487 3623 equora,
503 3559 560 3622 dra]
586 3561 617 3606 Et
637 3560 721 3607 fluctus
747 3558 885 3618 gabilisest.

100 3623 103 3627 ’
180 3623 269 3672 slnuosi
285 3627 382 3687 upuppi
401 3634 521 3687 surgentes
536 3640 629 3686 eoepere
638 3624 721 3687 impel·
778 3626 835 3672 464.
854 3622 928 3670 Causa
935 3621 1024 3734 palan}
1039 3624 1115 3676 Causa
1130 3637 1173 3671 aur
1187 3623 1283 3687 nariga-

179 3688 228 3736 lere
239 3690 343 3736 classem.
615 3710 618 3714 ·
746 3687 924 3754 bilissit,qnod
934 3688 1002 3749 palus
1025 3687 1099 3745 enitar
1115 3703 1142 3735 ae
1157 3687 1182 3735 in
1193 3686 1284 3752 Aptara
1330 3745 1334 3751 ι

213 3757 270 3801 460.
289 3755 422 3802 Paluatinas
448 3755 511 3809 ands
536 3754 636 3827 confiuit,
662 3752 719 3816 dre]
746 3759 864 3801 exoneret.
882 3752 986 3803 Horten.

181 3819 247 3878 Quid
258 3820 391 3866 Palaestinae
402 3836 454 3867 cum
468 3819 506 3877 iis,
523 3821 604 3881 quiex
616 3818 720 3877 Italiain
778 3821 834 3867 465.
852 3818 883 3864 Aa
895 3816 1019 3874 Genusum,
1038 3815 1096 3881 dau]
1111 3819 1222 3867 Genaua
1235 3826 1284 3867 tor·

176 3885 278 3947 Epirum
290 3885 414 3946 navigant?
431 3886 494 3946 lege,
509 3901 645 3946 quamquam
662 3883 720 3931 nihil
744 3882 1142 3944 rentiorestrapidiorquepropter
1160 3883 1230 3932 nivea
1245 3900 1283 3935 so·

176 3949 720 4011 iuvantibusmanuscriptlsrlpamestinaa.Nam
744 3948 1016 4009 lutasqnibnsaugetur.
1139 3982 1142 3987 -
1310 3953 1313 3959 '

177 4015 306 4078 llpameste
318 4022 355 4061 est
366 4015 389 4060 in
400 4017 542 4074 prominente
556 4023 623 4086 parte
636 4015 719 4072 ltalia,
777 4015 834 4063 467.
852 4011 948 4069 Neuter,
960 4010 1019 4074 &c.]
1036 4013 1127 4060 Neuter
1135 4013 1283 4076 ilauproanl

178 4082 232 4141 quea
249 4081 278 4127 ad
297 4079 394 4139 Epirum
411 4080 519 4135 racadu,
530 4087 610 4128 contm
629 4084 719 4142 Apsum
744 4078 826 4126 amari
836 4077 918 4125 oritur.

178 4146 271 4192 flumen.
289 4144 351 4190 Vide
363 4143 424 4188 Plin.
441 4153 464 4190 et
481 4145 640 4191 Ptolemaeum.
661 4145 719 4192 Gro-
776 4147 833 4194 468.
852 4142 906 4189 Duo
919 4140 1030 4205 nornine]
1046 4141 1162 4190 Casuram
1175 4148 1201 4192 at
1211 4144 1284 4203 Pura

178 4211 233 4258 tina.
251 4207 402 4270 Palestinae]
420 4206 595 4273 Palaeste,‘urbs
604 4209 675 4256 Orico
683 4210 718 4256 vi·
743 4209 830 4270 peinm.
1177 4223 1201 4257 ‘.

178 4275 231 4322 eina
244 4290 317 4337 prope
333 4274 448 4322 Ceraunia
464 4275 494 4322 ad
513 4289 566 4320 eum
584 4273 660 4320 locum
679 4275 718 4335 qni
776 4277 832 4324 469.
851 4272 973 4334 Miseriqua
979 4271 1042 4336 fuit,
1052 4270 1110 4335 dra]
1126 4272 1284 4337 Jamqaeon·

177 4338 718 4468 liffffirssiffliddiiiiiliiiiid
743 4337 1284 4467 insinuaturam

623 4437 630 4453 ·
678 4437 684 4451 ·
710 4439 716 4452 ·
957 4437 965 4461 ι
1135 4434 1145 4461 s
