2784 4860
137 337 204 403 548
439 326 940 396 SUPPLEMENTUM

183 504 325 568 Exclusi
340 503 461 586 rapido
477 503 609 583 lugiunt
623 521 685 584 per
699 501 800 564 devia
814 518 928 576 crusn,

141 614 186 680 Et
199 616 339 691 Villam,
355 614 477 697 paucis
492 614 643 694 equitum
654 612 869 695 stipantibus,
882 610 1011 673 intrant

142 726 222 791 Rex
237 726 259 789 J
261 727 331 789 uba
346 725 566 805 Petreiusque
581 724 693 787 simul.
708 730 780 787 tum
803 722 898 785 fessa
912 721 1030 815 quiete

142 836 296 919 Corpora
306 840 514 918 componunt
528 836 653 909 stratis,
677 852 853 915 aegrosqne
866 851 927 914 per
937 849 1063 895 omnes

141 947 338 1011 Devolvunt
352 948 483 1009 animos
500 964 612 1022 casuS,
635 944 803 1007 solamina
817 942 927 1005 donec

140 1056 271 1121 Ultima
283 1057 421 1120 lassatis
437 1057 554 1136 ingens
570 1054 717 1118 audacia
732 1053 874 1136 praebet.

143 1166 311 1231 Continuo
326 1168 512 1230 instaurant
523 1167 654 1249 epulas,
671 1166 849 1249 plenisque
864 1162 971 1245 Lyaeo

144 1278 372 1342 Discumbunt
384 1278 522 1340 mensis.
539 1282 722 1359 postquam
737 1292 957 1357 compressus
970 1270 1100 1337 edendi

145 1388 208 1451 Est
222 1408 334 1467 amor;
357 1387 525 1470 intrepido
540 1387 676 1450 tandem
691 1388 742 1449 sic
763 1384 986 1459 inchoatore,

143 1497 382 1580 Petreiumque
398 1498 480 1560 toris
495 1497 517 1560 J
518 1499 588 1561 uba
602 1497 683 1561 Rex
697 1495 818 1561 affatur
834 1495 878 1557 ab
893 1494 993 1557 altis:

146 1608 200 1672 En
214 1608 369 1673 Romane
385 1610 481 1672 vides
497 1629 565 1691 quo
580 1629 644 1672 nos
661 1608 811 1671 Fortuna
822 1605 972 1687 redegit:
1055 1666 1063 1681 ,

147 1720 230 1784 Sela
243 1721 361 1783 relicta
379 1721 472 1783 salus
489 1720 666 1782 clementia
681 1720 847 1797 Caesaris3
870 1723 906 1781 et
918 1736 988 1799 non

147 1831 224 1896 Nos
239 1831 307 1894 duo
319 1838 388 1896 tam
403 1831 527 1895 fuimus
543 1832 711 1895 temnendi
726 1829 875 1895 Caesaris
889 1828 1018 1906 hostes,

144 1941 363 2005 Adversusve
378 1941 473 2004 illum
487 1947 557 2005 tam
571 1941 712 2005 innoxia
725 1941 893 2023 gessimus
907 1956 1016 2015 arm,

146 2051 194 2116 Ut
204 2053 337 2117 veniam
352 2053 454 2116 liceat
468 2053 566 2116 salvo
579 2072 716 2135 sperare
729 2051 871 2135 pudere,
889 2060 898 2075 ⁶
919 2028 923 2033 ’

147 2163 314 2228 Oblatave
329 2165 404 2229 frui.
428 2185 506 2246 quae
520 2185 590 2228 non
605 2165 688 2229 dant
702 2184 797 2229 arma
810 2164 967 2239 salutem,
1052 2198 1057 2205 ·

149 2276 241 2341 Dent
255 2277 442 2339 libertatem
456 2277 567 2340 nobis.
583 2298 637 2341 me
652 2282 746 2341 certa
755 2274 906 2339 manebit

151 2385 306 2449 Libertas
321 2386 428 2465 ferr03
451 2407 514 2450 nec
531 2386 666 2468 dignam
682 2388 818 2452 credere
830 2387 936 2455 vium

151 2495 253 2559 Hane
269 2516 410 2578 possum
425 2498 527 2575 votis,
542 2503 580 2562 ut
590 2499 747 2582 supplice
759 2498 856 2580 Rege
870 2496 1041 2585 superbus
1155 2536 1158 2541 ·
1177 2554 1182 2571 .
1211 2474 1217 2483 ι

150 2608 320 2672 Intumeat
336 2608 470 2688 Caesam
492 2630 556 2673 nec
571 2631 673 2694 quem
686 2611 967 2679 uidissethonore

152 2719 193 2783 In
209 2740 339 2783 summo
354 2721 469 2785 forsan
483 2721 530 2806 (si
544 2723 598 2787 vel
614 2722 802 2805 Pompeius
816 2723 851 2787 in
865 2723 957 2787 arvis

151 2830 360 2894 Thessalicis
380 2832 472 2908 olim,
488 2833 544 2897 vel
557 2834 681 2897 nostris
697 2833 816 2914 Scipio
831 2833 929 2899 terris
952 2892 958 2903 .

151 2939 319 3024 Vicisset)
339 2962 392 3004 me
404 2942 477 3024 jam
494 2944 666 3025 captivum
682 2943 797 3009 Roma
809 2944 951 3021 videbit,

153 3049 264 3132 Regia
278 3051 484 3132 praebentem
495 3053 637 3116 ridenda
652 3053 844 3129 Quiritibus
858 3074 920 3119 era

153 3161 242 3225 Ante
259 3161 500 3242 triumphantes
517 3181 643 3238 currus,
656 3167 694 3225 ut
708 3163 802 3227 victa
814 3163 984 3247 Syphacis

153 3271 266 3355 Atque
287 3272 434 3335 catenati
449 3276 622 3335 traxerunt
633 3273 724 3337 colla
736 3272 760 3336 J
761 3263 925 3355 ugrnthae.

157 3383 233 3448 Nec
249 3382 271 3445 J
273 3384 340 3444 uba
355 3380 541 3457 ridendum,
557 3402 621 3447 nec
637 3383 699 3447 erit
713 3384 905 3449 miserabile
914 3404 1039 3451 nomen

156 3493 333 3558 Caesareis,
346 3513 414 3555 non
430 3492 534 3556 corda
547 3493 640 3571 mihi,
656 3514 725 3559 non
739 3495 819 3573 tela,
834 3516 998 3583 manusve

155 3604 212 3668 Ad
222 3606 326 3668 letum
341 3605 480 3668 desunt:
504 3606 565 3669 sed
575 3611 620 3682 te,
637 3605 781 3684 Petreie,
801 3627 984 3691 rrrtpremae¹

156 3715 363 3797 Participem
377 3716 468 3779 sacio
480 3716 593 3793 famae,
608 3718 792 3802 mortisque
807 3719 956 3787 decorae.

157 3827 272 3891 Causa
286 3846 363 3889 reos
379 3827 498 3890 eadem
509 3827 635 3909 junxit,
651 3827 853 3913 fortunaque
867 3831 998 3911 victes;

157 3937 259 4001 Nune
272 3937 391 4001 eadem
406 3938 512 4001 virtus
527 3939 708 4009 morientes
718 3938 841 4023 jungat
854 3946 1027 4025 utresque.

158 4048 289 4129 Stringe
303 4068 427 4126 ensem,
443 4054 477 4113 et
486 4070 619 4114 mecum
633 4052 759 4135 pariter
772 4070 862 4119 nunc
871 4059 964 4119 utere
974 4052 1110 4123 denua.

158 4158 359 4237 Quaeramus
374 4160 549 4242 pulchram
559 4183 621 4244 per
634 4167 752 4229 mutua
764 4165 904 4233 vrrlnera
917 4168 1073 4243 mortem,
1102 4198 1105 4205 -
1140 4180 1149 4193 ·
1231 4140 1236 4183 :

159 4270 202 4334 Et
215 4270 404 4335 libertatem
419 4271 519 4336 citius
530 4272 607 4355 quis
622 4273 725 4339 donet
739 4273 851 4341 amico
