<?xml version="1.0" encoding="UTF-8"?>
<!DOCTYPE html PUBLIC "-//W3C//DTD XHTML 1.0 Transitional//EN"
    "http://www.w3.org/TR/xhtml1/DTD/xhtml1-transitional.dtd">
<html xmlns="http://www.w3.org/1999/xhtml" xml:lang="en" lang="en">
 <head>
  <title>
</title>
<meta http-equiv="Content-Type" content="text/html;charset=utf-8" />
  <meta name='ocr-system' content='tesseract 3.04.00' />
  <meta name='ocr-capabilities' content='ocr_page ocr_carea ocr_par ocr_line ocrx_word'/>
</head>
<body>
  <div class='ocr_page' id='page_1' title='image "./mannaeuslucanus00grotgoog/mannaeuslucanus00grotgoog_0571.png"; bbox 0 0 2784 4860; ppageno 0'>
   <div class='ocr_carea' id='block_1_1' title="bbox 138 354 938 429">
    <p class='ocr_par' dir='ltr' id='par_1_1' title="bbox 138 354 938 429">
     <span class='ocr_line' id='line_1_1' title="bbox 138 354 938 429; baseline -0.005 0"><span class='ocrx_word' id='word_1_1' title='bbox 138 362 206 429; x_wconf 76' lang='lat'><em>564</em></span> <span class='ocrx_word' id='word_1_2' title='bbox 447 354 938 425; x_wconf 81' lang='lat' dir='ltr'><strong>SUPPLEMENTUM</strong></span> 
     </span>
    </p>
   </div>
   <div class='ocr_carea' id='block_1_2' title="bbox 140 529 1175 1284">
    <p class='ocr_par' dir='ltr' id='par_1_2' title="bbox 140 529 1175 1284">
     <span class='ocr_line' id='line_1_2' title="bbox 140 529 945 619; baseline -0.005 -17"><span class='ocrx_word' id='word_1_3' title='bbox 140 529 279 602; x_wconf 72' lang='lat' dir='ltr'><em>Forata</em></span> <span class='ocrx_word' id='word_1_4' title='bbox 291 537 408 597; x_wconf 86' lang='lat' dir='ltr'><em>errant</em></span> <span class='ocrx_word' id='word_1_5' title='bbox 420 530 557 610; x_wconf 77' lang='lat' dir='ltr'><em>ambra,</em></span> <span class='ocrx_word' id='word_1_6' title='bbox 571 538 757 619; x_wconf 79' lang='lat' dir='ltr'><em>moestoeqm</em></span> <span class='ocrx_word' id='word_1_7' title='bbox 769 532 945 618; x_wconf 73' lang='lat' dir='ltr'><em>sepulchra</em></span> 
     </span>
     <span class='ocr_line' id='line_1_3' title="bbox 141 641 1175 729; baseline -0.003 -18"><span class='ocrx_word' id='word_1_8' title='bbox 141 647 314 729; x_wconf 80' lang='lat' dir='ltr'><em>Bastaqae</em></span> <span class='ocrx_word' id='word_1_9' title='bbox 319 641 420 727; x_wconf 79' lang='lat' dir='ltr'><em>sada</em></span> <span class='ocrx_word' id='word_1_10' title='bbox 434 642 557 709; x_wconf 87' lang='lat' dir='ltr'><em>colant.</em></span> <span class='ocrx_word' id='word_1_11' title='bbox 572 644 649 710; x_wconf 79' lang='lat' dir='ltr'><em>tine</em></span> <span class='ocrx_word' id='word_1_12' title='bbox 662 652 763 710; x_wconf 85' lang='lat' dir='ltr'><em>nacta</em></span> <span class='ocrx_word' id='word_1_13' title='bbox 776 652 908 728; x_wconf 83' lang='lat' dir='ltr'><em>spectra</em></span> <span class='ocrx_word' id='word_1_14' title='bbox 920 641 1096 722; x_wconf 71' lang='lat' dir='ltr'><em>anatur,</em></span> <span class='ocrx_word' id='word_1_15' title='bbox 1170 644 1175 653; x_wconf 87' lang='lat'>&#39;</span> 
     </span>
     <span class='ocr_line' id='line_1_4' title="bbox 145 752 1046 840; baseline 0 -21"><span class='ocrx_word' id='word_1_16' title='bbox 145 756 230 840; x_wconf 77' lang='lat' dir='ltr'><em>Qnae</em></span> <span class='ocrx_word' id='word_1_17' title='bbox 246 760 371 820; x_wconf 85' lang='lat' dir='ltr'><em>terrent</em></span> <span class='ocrx_word' id='word_1_18' title='bbox 385 754 539 832; x_wconf 78' lang='lat' dir='ltr'><em>homines,</em></span> <span class='ocrx_word' id='word_1_19' title='bbox 554 756 675 820; x_wconf 77' lang='lat' dir='ltr'><em>anima</em></span> <span class='ocrx_word' id='word_1_20' title='bbox 688 762 766 820; x_wconf 86' lang='lat' dir='ltr'><em>sant</em></span> <span class='ocrx_word' id='word_1_21' title='bbox 779 756 845 820; x_wconf 84' lang='lat' dir='ltr'><em>ista</em></span> <span class='ocrx_word' id='word_1_22' title='bbox 859 752 1046 833; x_wconf 77' lang='lat' dir='ltr'><em>Malorum,</em></span> 
     </span>
     <span class='ocr_line' id='line_1_5' title="bbox 145 864 1093 951; baseline -0.001 -21"><span class='ocrx_word' id='word_1_23' title='bbox 145 866 241 951; x_wconf 79' lang='lat' dir='ltr'><em>Qaa,</em></span> <span class='ocrx_word' id='word_1_24' title='bbox 256 866 413 951; x_wconf 83' lang='lat' dir='ltr'><em>qnoniam</em></span> <span class='ocrx_word' id='word_1_25' title='bbox 427 884 548 930; x_wconf 79' lang='lat' dir='ltr'><em>crassa</em></span> <span class='ocrx_word' id='word_1_26' title='bbox 561 872 649 943; x_wconf 85' lang='lat' dir='ltr'><em>sant,</em></span> <span class='ocrx_word' id='word_1_27' title='bbox 664 884 906 950; x_wconf 65' lang='lat' dir='ltr'><em>corporeaque,</em></span> <span class='ocrx_word' id='word_1_28' title='bbox 919 864 1093 930; x_wconf 75' lang='lat' dir='ltr'><em>videntur.</em></span> 
     </span>
     <span class='ocr_line' id='line_1_6' title="bbox 185 974 1169 1062; baseline -0.003 -20"><span class='ocrx_word' id='word_1_29' title='bbox 185 975 299 1058; x_wconf 83' lang='lat' dir='ltr'><em>Quam</em></span> <span class='ocrx_word' id='word_1_30' title='bbox 313 976 458 1041; x_wconf 84' lang='lat' dir='ltr'><em>diversae</em></span> <span class='ocrx_word' id='word_1_31' title='bbox 471 974 614 1062; x_wconf 88' lang='lat' dir='ltr'><em>(inquit)</em></span> <span class='ocrx_word' id='word_1_32' title='bbox 626 980 754 1043; x_wconf 78' lang='lat' dir='ltr'><strong>restant</strong></span> <span class='ocrx_word' id='word_1_33' title='bbox 766 981 847 1060; x_wconf 86' lang='lat' dir='ltr'><em>post</em></span> <span class='ocrx_word' id='word_1_34' title='bbox 859 975 980 1040; x_wconf 79' lang='lat' dir='ltr'><em>funera</em></span> <span class='ocrx_word' id='word_1_35' title='bbox 993 979 1111 1041; x_wconf 81' lang='lat' dir='ltr'><em>sortes</em></span> <span class='ocrx_word' id='word_1_36' title='bbox 1124 974 1137 1039; x_wconf 81' lang='lat' dir='ltr'><em>t</em></span> <span class='ocrx_word' id='word_1_37' title='bbox 1166 1012 1169 1017; x_wconf 95' lang='lat'>·</span> 
     </span>
     <span class='ocr_line' id='line_1_7' title="bbox 142 1086 1109 1172; baseline -0.004 -17"><span class='ocrx_word' id='word_1_38' title='bbox 142 1088 255 1156; x_wconf 80' lang='lat' dir='ltr'><em>Credo</em></span> <span class='ocrx_word' id='word_1_39' title='bbox 271 1087 441 1172; x_wconf 85' lang='lat' dir='ltr'><strong>equidem,</strong></span> <span class='ocrx_word' id='word_1_40' title='bbox 457 1086 572 1151; x_wconf 83' lang='lat' dir='ltr'>divine</span> <span class='ocrx_word' id='word_1_41' title='bbox 587 1087 701 1163; x_wconf 86' lang='lat' dir='ltr'><em>Plato,</em></span> <span class='ocrx_word' id='word_1_42' title='bbox 715 1092 749 1150; x_wconf 81' lang='lat' dir='ltr'><em>ts</em></span> <span class='ocrx_word' id='word_1_43' title='bbox 765 1087 924 1168; x_wconf 80' lang='lat' dir='ltr'><em>dogrnata</em></span> <span class='ocrx_word' id='word_1_44' title='bbox 938 1106 1023 1151; x_wconf 83' lang='lat' dir='ltr'><em>vera</em></span> <span class='ocrx_word' id='word_1_45' title='bbox 1104 1130 1109 1137; x_wconf 92' lang='lat'><em>-</em></span> 
     </span>
     <span class='ocr_line' id='line_1_8' title="bbox 143 1197 1126 1284; baseline -0.003 -17"><span class='ocrx_word' id='word_1_46' title='bbox 143 1199 235 1267; x_wconf 79' lang='lat' dir='ltr'><em>Haec</em></span> <span class='ocrx_word' id='word_1_47' title='bbox 250 1200 364 1284; x_wconf 89' lang='lat' dir='ltr'><em>ipsum</em></span> <span class='ocrx_word' id='word_1_48' title='bbox 379 1197 540 1263; x_wconf 81' lang='lat' dir='ltr'><strong>docuisse</strong></span> <span class='ocrx_word' id='word_1_49' title='bbox 556 1198 679 1262; x_wconf 86' lang='lat' dir='ltr'><em>Deum.</em></span> <span class='ocrx_word' id='word_1_50' title='bbox 702 1198 799 1263; x_wconf 83' lang='lat' dir='ltr'><em>Deus</em></span> <span class='ocrx_word' id='word_1_51' title='bbox 813 1199 890 1282; x_wconf 84' lang='lat' dir='ltr'><em>ipse</em></span> <span class='ocrx_word' id='word_1_52' title='bbox 905 1198 1126 1281; x_wconf 80' lang='lat' dir='ltr'><em>sequendam</em></span> 
     </span>
    </p>
   </div>
   <div class='ocr_carea' id='block_1_3' title="bbox 141 1307 1105 1400">
    <p class='ocr_par' dir='ltr' id='par_1_3' title="bbox 141 1307 1251 1400">
     <span class='ocr_line' id='line_1_9' title="bbox 141 1307 1105 1400; baseline -0.008 -22"><span class='ocrx_word' id='word_1_53' title='bbox 141 1310 546 1400; x_wconf 84' lang='lat' dir='ltr'><em>(AutNatusnhomines</em></span> <span class='ocrx_word' id='word_1_54' title='bbox 560 1310 716 1393; x_wconf 85' lang='lat' dir='ltr'><em>ratioque</em></span> <span class='ocrx_word' id='word_1_55' title='bbox 731 1307 1000 1393; x_wconf 84' lang='lat' dir='ltr'><em>innatafesellit)</em></span> <span class='ocrx_word' id='word_1_56' title='bbox 1100 1356 1105 1361; x_wconf 89' lang='lat'>.</span> 
     </span>
    </p>
   </div>
   <div class='ocr_carea' id='block_1_4' title="bbox 142 1418 976 1509">
    <p class='ocr_par' dir='ltr' id='par_1_4' title="bbox 142 1418 976 1509">
     <span class='ocr_line' id='line_1_10' title="bbox 142 1418 976 1509; baseline -0.007 -20"><span class='ocrx_word' id='word_1_57' title='bbox 142 1422 333 1509; x_wconf 80' lang='lat' dir='ltr'><em>Proposuit</em></span> <span class='ocrx_word' id='word_1_58' title='bbox 345 1422 515 1499; x_wconf 85' lang='lat' dir='ltr'><em>virtutem,</em></span> <span class='ocrx_word' id='word_1_59' title='bbox 531 1427 566 1486; x_wconf 88' lang='lat' dir='ltr'><em>et</em></span> <span class='ocrx_word' id='word_1_60' title='bbox 579 1420 721 1506; x_wconf 85' lang='lat' dir='ltr'><em>praemia</em></span> <span class='ocrx_word' id='word_1_61' title='bbox 735 1419 851 1484; x_wconf 83' lang='lat' dir='ltr'><em>debita</em></span> <span class='ocrx_word' id='word_1_62' title='bbox 859 1418 976 1504; x_wconf 86' lang='lat' dir='ltr'><em>justis.</em></span> 
     </span>
    </p>
   </div>
   <div class='ocr_carea' id='block_1_5' title="bbox 38 1530 1014 1618">
    <p class='ocr_par' dir='ltr' id='par_1_5' title="bbox 38 1530 1014 1618">
     <span class='ocr_line' id='line_1_11' title="bbox 38 1530 1014 1618; baseline -0.008 -15"><span class='ocrx_word' id='word_1_63' title='bbox 38 1552 44 1565; x_wconf 77' lang='grc'><em>“</em></span> <span class='ocrx_word' id='word_1_64' title='bbox 144 1533 249 1613; x_wconf 86' lang='lat' dir='ltr'><strong>Haec,</strong></span> <span class='ocrx_word' id='word_1_65' title='bbox 265 1533 427 1618; x_wconf 69' lang='lat' dir='ltr'><em>quomam</em></span> <span class='ocrx_word' id='word_1_66' title='bbox 437 1535 552 1618; x_wconf 87' lang='lat' dir='ltr'><em>justos</em></span> <span class='ocrx_word' id='word_1_67' title='bbox 567 1533 695 1617; x_wconf 83' lang='lat' dir='ltr'><em>injusta</em></span> <span class='ocrx_word' id='word_1_68' title='bbox 707 1531 862 1614; x_wconf 81' lang='lat' dir='ltr'><em>potentia</em></span> <span class='ocrx_word' id='word_1_69' title='bbox 874 1530 1014 1597; x_wconf 76' lang='lat' dir='ltr'><em>fiaurlat</em></span> 
     </span>
    </p>
   </div>
   <div class='ocr_carea' id='block_1_6' title="bbox 145 1641 1150 3067">
    <p class='ocr_par' dir='ltr' id='par_1_6' title="bbox 145 1641 929 1732">
     <span class='ocr_line' id='line_1_12' title="bbox 145 1641 929 1732; baseline -0.009 -19"><span class='ocrx_word' id='word_1_70' title='bbox 145 1646 282 1732; x_wconf 81' lang='lat' dir='ltr'><em>Saepius</em></span> <span class='ocrx_word' id='word_1_71' title='bbox 297 1645 334 1710; x_wconf 91' lang='lat' dir='ltr'><em>in</em></span> <span class='ocrx_word' id='word_1_72' title='bbox 347 1645 455 1724; x_wconf 87' lang='lat' dir='ltr'><em>terris,</em></span> <span class='ocrx_word' id='word_1_73' title='bbox 471 1650 505 1710; x_wconf 88' lang='lat' dir='ltr'><em>et</em></span> <span class='ocrx_word' id='word_1_74' title='bbox 519 1665 602 1729; x_wconf 82' lang='lat' dir='ltr'><em>gens</em></span> <span class='ocrx_word' id='word_1_75' title='bbox 615 1644 764 1707; x_wconf 83' lang='lat' dir='ltr'><em>humana</em></span> <span class='ocrx_word' id='word_1_76' title='bbox 776 1641 929 1719; x_wconf 77' lang='lat' dir='ltr'>rebellat,</span> 
     </span>
    </p>

    <p class='ocr_par' dir='ltr' id='par_1_7' title="bbox 146 1730 1111 1950">
     <span class='ocr_line' id='line_1_13' title="bbox 146 1730 1111 1842; baseline -0.004 -20"><span class='ocrx_word' id='word_1_77' title='bbox 146 1757 287 1824; x_wconf 81' lang='lat' dir='ltr'><em>Solvere</em></span> <span class='ocrx_word' id='word_1_78' title='bbox 301 1762 538 1842; x_wconf 82' lang='lat' dir='ltr'><em>postmortem</em></span> <span class='ocrx_word' id='word_1_79' title='bbox 548 1756 760 1842; x_wconf 85' lang='lat' dir='ltr'><em>justissimus</em></span> <span class='ocrx_word' id='word_1_80' title='bbox 774 1755 850 1839; x_wconf 81' lang='lat' dir='ltr'><em>ipss</em></span> <span class='ocrx_word' id='word_1_81' title='bbox 865 1757 1007 1819; x_wconf 82' lang='lat' dir='ltr'><em>tenetur.</em></span> <span class='ocrx_word' id='word_1_82' title='bbox 1103 1730 1111 1749; x_wconf 52' lang='lat'>⁸</span> 
     </span>
     <span class='ocr_line' id='line_1_14' title="bbox 190 1864 1042 1950; baseline -0.005 -15"><span class='ocrx_word' id='word_1_83' title='bbox 190 1868 326 1935; x_wconf 80' lang='lat' dir='ltr'><em>Funera</em></span> <span class='ocrx_word' id='word_1_84' title='bbox 340 1887 407 1933; x_wconf 89' lang='lat' dir='ltr'><em>non</em></span> <span class='ocrx_word' id='word_1_85' title='bbox 421 1868 536 1930; x_wconf 84' lang='lat' dir='ltr'><em>metnit</em></span> <span class='ocrx_word' id='word_1_86' title='bbox 549 1868 690 1950; x_wconf 77' lang='lat' dir='ltr'><strong><em>Sapiens</em></strong></span> <span class='ocrx_word' id='word_1_87' title='bbox 701 1886 880 1950; x_wconf 78' lang='lat' dir='ltr'><em>saprema,·</em></span> <span class='ocrx_word' id='word_1_88' title='bbox 903 1886 963 1931; x_wconf 86' lang='lat' dir='ltr'><em>nee</em></span> <span class='ocrx_word' id='word_1_89' title='bbox 975 1864 1042 1946; x_wconf 82' lang='lat' dir='ltr'><em>r‘llr‘,</em></span> 
     </span>
    </p>

    <p class='ocr_par' dir='ltr' id='par_1_8' title="bbox 151 1976 1150 2065">
     <span class='ocr_line' id='line_1_15' title="bbox 151 1976 1150 2065; baseline -0.002 -22"><span class='ocrx_word' id='word_1_90' title='bbox 151 1980 220 2065; x_wconf 80' lang='lat' dir='ltr'><em>an‘</em></span> <span class='ocrx_word' id='word_1_91' title='bbox 233 1976 487 2061; x_wconf 83' lang='lat' dir='ltr'><em>contemplanda</em></span> <span class='ocrx_word' id='word_1_92' title='bbox 502 1977 598 2042; x_wconf 81' lang='lat' dir='ltr'><em>toties</em></span> <span class='ocrx_word' id='word_1_93' title='bbox 609 1996 709 2061; x_wconf 81' lang='lat' dir='ltr'><em>saper</em></span> <span class='ocrx_word' id='word_1_94' title='bbox 721 1983 817 2041; x_wconf 82' lang='lat' dir='ltr'><em>astra</em></span> <span class='ocrx_word' id='word_1_95' title='bbox 831 1976 955 2043; x_wconf 79' lang='lat' dir='ltr'><em>levavit</em></span> <span class='ocrx_word' id='word_1_96' title='bbox 1075 2018 1095 2035; x_wconf 88' lang='lat'><em>·.</em></span> <span class='ocrx_word' id='word_1_97' title='bbox 1147 2018 1150 2023; x_wconf 94' lang='lat'>-</span> 
     </span>
    </p>

    <p class='ocr_par' dir='ltr' id='par_1_9' title="bbox 152 2088 1036 2183">
     <span class='ocr_line' id='line_1_16' title="bbox 152 2088 1036 2183; baseline -0.005 -25"><span class='ocrx_word' id='word_1_98' title='bbox 152 2092 303 2159; x_wconf 73' lang='lat' dir='ltr'><em>carnoso</em></span> <span class='ocrx_word' id='word_1_99' title='bbox 318 2088 525 2153; x_wconf 76' lang='lat' dir='ltr'><em>abstractam</em></span> <span class='ocrx_word' id='word_1_100' title='bbox 534 2089 669 2172; x_wconf 83' lang='lat' dir='ltr'><em>penitas</em></span> <span class='ocrx_word' id='word_1_101' title='bbox 681 2088 722 2152; x_wconf 85' lang='lat' dir='ltr'><em>de</em></span> <span class='ocrx_word' id='word_1_102' title='bbox 736 2106 870 2155; x_wconf 84' lang='lat' dir='ltr'><em>carcere</em></span> <span class='ocrx_word' id='word_1_103' title='bbox 882 2095 1036 2183; x_wconf 57' lang='lat' dir='ltr'><em>mentem⁸</em></span> 
     </span>
    </p>

    <p class='ocr_par' dir='ltr' id='par_1_10' title="bbox 152 2198 977 2287">
     <span class='ocr_line' id='line_1_17' title="bbox 152 2198 977 2287; baseline -0.007 -17"><span class='ocrx_word' id='word_1_104' title='bbox 152 2201 313 2287; x_wconf 73' lang='lat' dir='ltr'><em>Corporis</em></span> <span class='ocrx_word' id='word_1_105' title='bbox 326 2207 427 2285; x_wconf 83' lang='lat' dir='ltr'><em>atque</em></span> <span class='ocrx_word' id='word_1_106' title='bbox 441 2200 561 2266; x_wconf 81' lang='lat' dir='ltr'><em>anima</em></span> <span class='ocrx_word' id='word_1_107' title='bbox 567 2199 701 2282; x_wconf 84' lang='lat' dir='ltr'><em>faciens</em></span> <span class='ocrx_word' id='word_1_108' title='bbox 714 2198 863 2264; x_wconf 79' lang='lat' dir='ltr'><em>divortia</em></span> <span class='ocrx_word' id='word_1_109' title='bbox 877 2204 977 2273; x_wconf 77' lang='lat' dir='ltr'><em>tanta</em></span> 
     </span>
    </p>

    <p class='ocr_par' dir='ltr' id='par_1_11' title="bbox 153 2309 1119 2407">
     <span class='ocr_line' id='line_1_18' title="bbox 153 2309 1119 2407; baseline -0.003 -30"><span class='ocrx_word' id='word_1_110' title='bbox 153 2313 293 2398; x_wconf 81' lang='lat' dir='ltr'><em>Qaanta</em></span> <span class='ocrx_word' id='word_1_111' title='bbox 307 2311 432 2377; x_wconf 76' lang='lat' dir='ltr'><em>nonani</em></span> <span class='ocrx_word' id='word_1_112' title='bbox 446 2311 550 2389; x_wconf 79' lang='lat' dir='ltr'><em>liertit,</em></span> <span class='ocrx_word' id='word_1_113' title='bbox 565 2309 881 2394; x_wconf 77' lang='lat' dir='ltr'><em>marsfarmr‘danda</em></span> <span class='ocrx_word' id='word_1_114' title='bbox 894 2312 1009 2407; x_wconf 67' lang='lat' dir='ltr'><em>aestro</em></span> <span class='ocrx_word' id='word_1_115' title='bbox 1110 2354 1119 2363; x_wconf 90' lang='lat'><em>-</em></span> 
     </span>
    </p>

    <p class='ocr_par' dir='ltr' id='par_1_12' title="bbox 149 2422 991 2508">
     <span class='ocr_line' id='line_1_19' title="bbox 149 2422 991 2508; baseline 0.004 -17"><span class='ocrx_word' id='word_1_116' title='bbox 149 2425 222 2493; x_wconf 86' lang='lat' dir='ltr'><em>Ant</em></span> <span class='ocrx_word' id='word_1_117' title='bbox 235 2423 352 2508; x_wconf 66' lang='lat' dir='ltr'><em>innota</em></span> <span class='ocrx_word' id='word_1_118' title='bbox 362 2428 485 2507; x_wconf 79' lang='lat' dir='ltr'><em>potest.</em></span> <span class='ocrx_word' id='word_1_119' title='bbox 499 2441 579 2487; x_wconf 88' lang='lat' dir='ltr'><em>nam</em></span> <span class='ocrx_word' id='word_1_120' title='bbox 591 2422 687 2486; x_wconf 88' lang='lat' dir='ltr'><em>Mors</em></span> <span class='ocrx_word' id='word_1_121' title='bbox 699 2422 848 2487; x_wconf 79' lang='lat' dir='ltr'><em>divortia</em></span> <span class='ocrx_word' id='word_1_122' title='bbox 860 2429 991 2495; x_wconf 73' lang='lat' dir='ltr'><em>tannem</em></span> 
     </span>
    </p>

    <p class='ocr_par' dir='ltr' id='par_1_13' title="bbox 150 2533 993 2619">
     <span class='ocr_line' id='line_1_20' title="bbox 150 2533 993 2619; baseline 0 -17"><span class='ocrx_word' id='word_1_123' title='bbox 150 2533 262 2603; x_wconf 83' lang='lat' dir='ltr'><em>Plena</em></span> <span class='ocrx_word' id='word_1_124' title='bbox 276 2534 357 2612; x_wconf 79' lang='lat' dir='ltr'><em>taaec,</em></span> <span class='ocrx_word' id='word_1_125' title='bbox 373 2553 447 2619; x_wconf 80' lang='lat' dir='ltr'><em>qna</em></span> <span class='ocrx_word' id='word_1_126' title='bbox 461 2535 594 2618; x_wconf 81' lang='lat' dir='ltr'><em>sapiens</em></span> <span class='ocrx_word' id='word_1_127' title='bbox 608 2534 703 2598; x_wconf 83' lang='lat' dir='ltr'><em>toties</em></span> <span class='ocrx_word' id='word_1_128' title='bbox 716 2540 846 2617; x_wconf 81' lang='lat' dir='ltr'><em>optasse</em></span> <span class='ocrx_word' id='word_1_129' title='bbox 859 2534 993 2603; x_wconf 70' lang='lat' dir='ltr'><em>vintar-</em></span> 
     </span>
    </p>

    <p class='ocr_par' dir='ltr' id='par_1_14' title="bbox 150 2646 977 2732">
     <span class='ocr_line' id='line_1_21' title="bbox 150 2646 977 2732; baseline 0 -17"><span class='ocrx_word' id='word_1_130' title='bbox 150 2648 200 2716; x_wconf 85' lang='lat' dir='ltr'><em>Et</em></span> <span class='ocrx_word' id='word_1_131' title='bbox 214 2648 310 2713; x_wconf 82' lang='lat' dir='ltr'><em>toties</em></span> <span class='ocrx_word' id='word_1_132' title='bbox 325 2652 476 2726; x_wconf 77' lang='lat' dir='ltr'><em>tentasse,</em></span> <span class='ocrx_word' id='word_1_133' title='bbox 487 2646 591 2730; x_wconf 83' lang='lat' dir='ltr'><em>facit,</em></span> <span class='ocrx_word' id='word_1_134' title='bbox 606 2648 813 2732; x_wconf 80' lang='lat' dir='ltr'><em>Saperasqae</em></span> <span class='ocrx_word' id='word_1_135' title='bbox 821 2646 950 2730; x_wconf 78' lang='lat' dir='ltr'><em>petenti</em></span> <span class='ocrx_word' id='word_1_136' title='bbox 974 2710 977 2715; x_wconf 90' lang='lat'><em>.</em></span> 
     </span>
    </p>

    <p class='ocr_par' dir='ltr' id='par_1_15' title="bbox 149 2757 968 2841">
     <span class='ocr_line' id='line_1_22' title="bbox 149 2757 968 2841; baseline -0.006 -14"><span class='ocrx_word' id='word_1_137' title='bbox 149 2758 353 2827; x_wconf 84' lang='lat' dir='ltr'><em>Libertatem</em></span> <span class='ocrx_word' id='word_1_138' title='bbox 366 2759 486 2823; x_wconf 78' lang='lat' dir='ltr'><em>anima</em></span> <span class='ocrx_word' id='word_1_139' title='bbox 501 2757 656 2824; x_wconf 83' lang='lat' dir='ltr'><em>clanstm&#39;s</em></span> <span class='ocrx_word' id='word_1_140' title='bbox 668 2758 818 2822; x_wconf 65' lang='lat' dir='ltr'><em>conceda</em></span> <span class='ocrx_word' id='word_1_141' title='bbox 830 2759 968 2841; x_wconf 76' lang='lat' dir='ltr'><em>apertis.</em></span> 
     </span>
    </p>

    <p class='ocr_par' dir='ltr' id='par_1_16' title="bbox 150 2869 912 2956">
     <span class='ocr_line' id='line_1_23' title="bbox 150 2869 912 2956; baseline -0.005 -17"><span class='ocrx_word' id='word_1_142' title='bbox 150 2873 190 2939; x_wconf 83' lang='lat' dir='ltr'><em>Si</em></span> <span class='ocrx_word' id='word_1_143' title='bbox 202 2890 289 2956; x_wconf 78' lang='lat' dir='ltr'><em>sape</em></span> <span class='ocrx_word' id='word_1_144' title='bbox 302 2870 478 2955; x_wconf 78' lang='lat' dir='ltr'><em>impatiens</em></span> <span class='ocrx_word' id='word_1_145' title='bbox 489 2870 593 2936; x_wconf 84' lang='lat' dir='ltr'><em>vitam</em></span> <span class='ocrx_word' id='word_1_146' title='bbox 601 2870 747 2955; x_wconf 79' lang='lat' dir='ltr'><em>projecit</em></span> <span class='ocrx_word' id='word_1_147' title='bbox 758 2869 912 2949; x_wconf 84' lang='lat' dir='ltr'><em>Amator,</em></span> 
     </span>
    </p>

    <p class='ocr_par' dir='ltr' id='par_1_17' title="bbox 152 2980 1018 3067">
     <span class='ocr_line' id='line_1_24' title="bbox 152 2980 1018 3067; baseline 0.003 -19"><span class='ocrx_word' id='word_1_148' title='bbox 152 2983 265 3067; x_wconf 85' lang='lat' dir='ltr'><em>Atqne</em></span> <span class='ocrx_word' id='word_1_149' title='bbox 278 2999 380 3045; x_wconf 88' lang='lat' dir='ltr'><em>mana</em></span> <span class='ocrx_word' id='word_1_150' title='bbox 389 2987 507 3064; x_wconf 84' lang='lat' dir='ltr'><em>pectas</em></span> <span class='ocrx_word' id='word_1_151' title='bbox 516 2981 662 3065; x_wconf 83' lang='lat' dir='ltr'><em>propria</em></span> <span class='ocrx_word' id='word_1_152' title='bbox 671 2980 836 3066; x_wconf 66' lang='lat' dir='ltr'><em>perfodit,¹</em></span> <span class='ocrx_word' id='word_1_153' title='bbox 846 2988 886 3047; x_wconf 87' lang='lat' dir='ltr'><em>nt</em></span> <span class='ocrx_word' id='word_1_154' title='bbox 897 2982 1018 3051; x_wconf 74' lang='lat' dir='ltr'><em>ambra</em></span> 
     </span>
    </p>
   </div>
   <div class='ocr_carea' id='block_1_7' title="bbox 152 3090 1242 3179">
    <p class='ocr_par' dir='ltr' id='par_1_18' title="bbox 152 3090 1242 3179">
     <span class='ocr_line' id='line_1_25' title="bbox 152 3090 1242 3179; baseline -0.011 -20"><span class='ocrx_word' id='word_1_155' title='bbox 152 3090 358 3177; x_wconf 84' lang='lat' dir='ltr'><em>Desanctam</em></span> <span class='ocrx_word' id='word_1_156' title='bbox 371 3092 511 3179; x_wconf 74' lang='lat' dir='ltr'><em>Styqias&#39;</em></span> <span class='ocrx_word' id='word_1_157' title='bbox 523 3113 678 3176; x_wconf 81' lang='lat' dir='ltr'><em>spensam</em></span> <span class='ocrx_word' id='word_1_158' title='bbox 690 3094 1102 3179; x_wconf 60' lang='lat' dir='ltr'><em>maneretnradambraa,</em></span> <span class='ocrx_word' id='word_1_159' title='bbox 1155 3124 1165 3149; x_wconf 59' lang='grc' dir='ltr'><strong><em>ι</em></strong></span> <span class='ocrx_word' id='word_1_160' title='bbox 1236 3090 1242 3147; x_wconf 78' lang='grc' dir='ltr'>ἰ</span> 
     </span>
    </p>
   </div>
   <div class='ocr_carea' id='block_1_8' title="bbox 152 3200 1236 4301">
    <p class='ocr_par' dir='ltr' id='par_1_19' title="bbox 152 3200 1057 4180">
     <span class='ocr_line' id='line_1_26' title="bbox 153 3200 1000 3290; baseline 0.005 -23"><span class='ocrx_word' id='word_1_161' title='bbox 153 3203 176 3289; x_wconf 90' lang='grc'><strong><em>(</em></strong></span> <span class='ocrx_word' id='word_1_162' title='bbox 181 3203 258 3288; x_wconf 79' lang='lat' dir='ltr'><em>Qaa</em></span> <span class='ocrx_word' id='word_1_163' title='bbox 273 3209 382 3267; x_wconf 88' lang='lat' dir='ltr'><em>tamen</em></span> <span class='ocrx_word' id='word_1_164' title='bbox 396 3203 489 3266; x_wconf 79' lang='lat' dir='ltr'><em>nand</em></span> <span class='ocrx_word' id='word_1_165' title='bbox 501 3203 562 3266; x_wconf 84' lang='lat' dir='ltr'><em>itta</em></span> <span class='ocrx_word' id='word_1_166' title='bbox 575 3203 767 3267; x_wconf 83' lang='lat' dir='ltr'><em>caneedttar</em></span> <span class='ocrx_word' id='word_1_167' title='bbox 781 3202 859 3268; x_wconf 85' lang='lat' dir='ltr'><em>erbe</em></span> <span class='ocrx_word' id='word_1_168' title='bbox 867 3200 1000 3290; x_wconf 67' lang='lat' dir='ltr'><em>patiri)</em></span> 
     </span>
     <span class='ocr_line' id='line_1_27' title="bbox 152 3314 1034 3400; baseline 0.001 -18"><span class='ocrx_word' id='word_1_169' title='bbox 152 3316 244 3382; x_wconf 89' lang='lat' dir='ltr'><em>Nam</em></span> <span class='ocrx_word' id='word_1_170' title='bbox 256 3314 452 3399; x_wconf 83' lang='lat' dir='ltr'><em>Sapientnm</em></span> <span class='ocrx_word' id='word_1_171' title='bbox 466 3315 586 3379; x_wconf 69' lang='lat' dir='ltr'><em>animae</em></span> <span class='ocrx_word' id='word_1_172' title='bbox 599 3314 715 3379; x_wconf 83' lang='lat' dir='ltr'><em>sammi</em></span> <span class='ocrx_word' id='word_1_173' title='bbox 728 3334 803 3398; x_wconf 71' lang='lat' dir='ltr'><em>aaa</em></span> <span class='ocrx_word' id='word_1_174' title='bbox 816 3316 944 3400; x_wconf 73' lang='lat' dir='ltr'><em>qartdr&#39;a</em></span> <span class='ocrx_word' id='word_1_175' title='bbox 956 3318 1034 3383; x_wconf 82' lang='lat' dir='ltr'><em>coetr&#39;</em></span> 
     </span>
     <span class='ocr_line' id='line_1_28' title="bbox 152 3426 930 3514; baseline -0.006 -17"><span class='ocrx_word' id='word_1_176' title='bbox 152 3430 358 3514; x_wconf 82' lang='lat' dir='ltr'><em>Depereant,</em></span> <span class='ocrx_word' id='word_1_177' title='bbox 373 3426 506 3513; x_wconf 82' lang='lat' dir='ltr'><em>ven&#39;qne</em></span> <span class='ocrx_word' id='word_1_178' title='bbox 522 3426 599 3493; x_wconf 82' lang='lat' dir='ltr'><em>boni</em></span> <span class='ocrx_word' id='word_1_179' title='bbox 613 3427 794 3511; x_wconf 75' lang='lat' dir='ltr'><em>captantur</em></span> <span class='ocrx_word' id='word_1_180' title='bbox 806 3446 930 3506; x_wconf 84' lang='lat' dir='ltr'><em>amere,</em></span> 
     </span>
     <span class='ocr_line' id='line_1_29' title="bbox 158 3527 1057 3625; baseline 0.002 -21"><span class='ocrx_word' id='word_1_181' title='bbox 158 3540 233 3624; x_wconf 78' lang='lat' dir='ltr'><em>an</em></span> <span class='ocrx_word' id='word_1_182' title='bbox 247 3544 412 3625; x_wconf 83' lang='lat' dir='ltr'><em>nequeant</em></span> <span class='ocrx_word' id='word_1_183' title='bbox 425 3538 461 3601; x_wconf 82' lang='lat' dir='ltr'><em>in</em></span> <span class='ocrx_word' id='word_1_184' title='bbox 476 3556 576 3603; x_wconf 90' lang='lat' dir='ltr'><em>earne</em></span> <span class='ocrx_word' id='word_1_185' title='bbox 582 3538 670 3621; x_wconf 80' lang='lat' dir='ltr'><em>frui,</em></span> <span class='ocrx_word' id='word_1_186' title='bbox 686 3538 727 3604; x_wconf 88' lang='lat' dir='ltr'><em>de</em></span> <span class='ocrx_word' id='word_1_187' title='bbox 740 3558 874 3604; x_wconf 85' lang='lat' dir='ltr'><em>carcere</em></span> <span class='ocrx_word' id='word_1_188' title='bbox 888 3527 1023 3606; x_wconf 81' lang='lat' dir='ltr'><em>tandem</em></span> <span class='ocrx_word' id='word_1_189' title='bbox 1053 3560 1057 3567; x_wconf 93' lang='lat'>·</span> 
     </span>
     <span class='ocr_line' id='line_1_30' title="bbox 159 3649 944 3735; baseline -0.004 -17"><span class='ocrx_word' id='word_1_190' title='bbox 159 3651 329 3735; x_wconf 76' lang='lat' dir='ltr'><em>Corporeo</em></span> <span class='ocrx_word' id='word_1_191' title='bbox 343 3649 437 3729; x_wconf 82' lang='lat' dir='ltr'><em>solvi,</em></span> <span class='ocrx_word' id='word_1_192' title='bbox 453 3650 672 3735; x_wconf 76' lang='lat' dir='ltr'><em>clanstrtsqne</em></span> <span class='ocrx_word' id='word_1_193' title='bbox 685 3651 773 3715; x_wconf 81' lang='lat' dir='ltr'><em>exire</em></span> <span class='ocrx_word' id='word_1_194' title='bbox 786 3656 944 3729; x_wconf 71' lang='lat' dir='ltr'><em>recenant,</em></span> 
     </span>
     <span class='ocr_line' id='line_1_31' title="bbox 159 3763 1017 3848; baseline 0 -18"><span class='ocrx_word' id='word_1_195' title='bbox 159 3764 243 3831; x_wconf 82' lang='lat' dir='ltr'><em>Cam</em></span> <span class='ocrx_word' id='word_1_196' title='bbox 257 3765 350 3829; x_wconf 86' lang='lat' dir='ltr'><em>Dens</em></span> <span class='ocrx_word' id='word_1_197' title='bbox 364 3763 432 3847; x_wconf 82' lang='lat' dir='ltr'><em>ipse</em></span> <span class='ocrx_word' id='word_1_198' title='bbox 437 3763 541 3846; x_wconf 82' lang='lat' dir='ltr'><em>foras</em></span> <span class='ocrx_word' id='word_1_199' title='bbox 554 3764 675 3846; x_wconf 79' lang='lat' dir='ltr'><em>aperit,</em></span> <span class='ocrx_word' id='word_1_200' title='bbox 690 3763 878 3848; x_wconf 79' lang='lat' dir='ltr'><em>licitamqae</em></span> <span class='ocrx_word' id='word_1_201' title='bbox 890 3766 1017 3830; x_wconf 77' lang='lat' dir='ltr'><em>meanti</em></span> 
     </span>
     <span class='ocr_line' id='line_1_32' title="bbox 153 3854 995 3967; baseline -0.001 -23"><span class='ocrx_word' id='word_1_202' title='bbox 153 3877 233 3944; x_wconf 88' lang='lat' dir='ltr'><em>Dat</em></span> <span class='ocrx_word' id='word_1_203' title='bbox 246 3854 372 3944; x_wconf 75' lang='lat' dir='ltr'><em>natare</em></span> <span class='ocrx_word' id='word_1_204' title='bbox 386 3875 486 3947; x_wconf 83' lang='lat' dir='ltr'><em>viam.</em></span> <span class='ocrx_word' id='word_1_205' title='bbox 502 3879 542 3939; x_wconf 90' lang='lat' dir='ltr'><em>at</em></span> <span class='ocrx_word' id='word_1_206' title='bbox 556 3873 659 3938; x_wconf 84' lang='lat' dir='ltr'><em>donec</em></span> <span class='ocrx_word' id='word_1_207' title='bbox 672 3875 767 3940; x_wconf 84' lang='lat' dir='ltr'><em>Dens</em></span> <span class='ocrx_word' id='word_1_208' title='bbox 779 3872 835 3941; x_wconf 81' lang='lat' dir='ltr'><em>aa</em></span> <span class='ocrx_word' id='word_1_209' title='bbox 849 3882 995 3967; x_wconf 53' lang='lat' dir='ltr'><em>croatam</em></span> 
     </span>
     <span class='ocr_line' id='line_1_33' title="bbox 159 3984 962 4073; baseline 0 -22"><span class='ocrx_word' id='word_1_210' title='bbox 159 3986 227 4073; x_wconf 72' lang='grc' dir='ltr'><em>ραι·</em></span> <span class='ocrx_word' id='word_1_211' title='bbox 241 3991 374 4053; x_wconf 78' lang='lat' dir='ltr'><em>terrena</em></span> <span class='ocrx_word' id='word_1_212' title='bbox 388 3986 535 4051; x_wconf 84' lang='lat' dir='ltr'><em>animam</em></span> <span class='ocrx_word' id='word_1_213' title='bbox 544 3984 657 4068; x_wconf 81' lang='lat' dir='ltr'><em>prima</em></span> <span class='ocrx_word' id='word_1_214' title='bbox 669 3986 813 4051; x_wconf 81' lang='lat' dir='ltr'><em>statione</em></span> <span class='ocrx_word' id='word_1_215' title='bbox 828 3984 962 4067; x_wconf 59' lang='lat' dir='ltr'><em>laeana,</em></span> 
     </span>
     <span class='ocr_line' id='line_1_34' title="bbox 155 4096 942 4180; baseline -0.005 -14"><span class='ocrx_word' id='word_1_216' title='bbox 155 4099 299 4176; x_wconf 85' lang='lat' dir='ltr'><em>Evocat,</em></span> <span class='ocrx_word' id='word_1_217' title='bbox 314 4096 407 4171; x_wconf 76' lang='lat' dir='ltr'><em>hand</em></span> <span class='ocrx_word' id='word_1_218' title='bbox 420 4096 482 4161; x_wconf 81' lang='lat' dir='ltr'><em>illa</em></span> <span class='ocrx_word' id='word_1_219' title='bbox 495 4096 640 4162; x_wconf 77' lang='lat' dir='ltr'><em>statione</em></span> <span class='ocrx_word' id='word_1_220' title='bbox 653 4096 872 4180; x_wconf 72' lang='lat' dir='ltr'><em>escedmefas</em></span> <span class='ocrx_word' id='word_1_221' title='bbox 883 4104 942 4162; x_wconf 81' lang='lat' dir='ltr'><em>est.</em></span> 
     </span>
    </p>

    <p class='ocr_par' dir='ltr' id='par_1_20' title="bbox 200 4206 1236 4301">
     <span class='ocr_line' id='line_1_35' title="bbox 200 4206 1236 4301; baseline -0.004 -24"><span class='ocrx_word' id='word_1_222' title='bbox 200 4208 272 4278; x_wconf 90' lang='lat' dir='ltr'><em>Hic</em></span> <span class='ocrx_word' id='word_1_223' title='bbox 288 4208 448 4273; x_wconf 85' lang='lat' dir='ltr'><em>dubitans</em></span> <span class='ocrx_word' id='word_1_224' title='bbox 462 4206 565 4272; x_wconf 83' lang='lat' dir='ltr'><em>haesit</em></span> <span class='ocrx_word' id='word_1_225' title='bbox 577 4208 718 4292; x_wconf 84' lang='lat' dir='ltr'><em>paulum</em></span> <span class='ocrx_word' id='word_1_226' title='bbox 732 4207 832 4276; x_wconf 73' lang='lat' dir='ltr'><em>Cata,</em></span> <span class='ocrx_word' id='word_1_227' title='bbox 850 4208 1035 4281; x_wconf 74' lang='lat' dir='ltr'><em>nondatur</em></span> <span class='ocrx_word' id='word_1_228' title='bbox 1047 4232 1134 4301; x_wconf 63' lang='lat' dir='ltr'><em>erga</em></span> <span class='ocrx_word' id='word_1_229' title='bbox 1230 4250 1236 4273; x_wconf 92' lang='lat'><em>-.</em></span> 
     </span>
    </p>
   </div>
   <div class='ocr_carea' id='block_1_9' title="bbox 158 4315 1245 4411">
    <p class='ocr_par' dir='ltr' id='par_1_21' title="bbox 158 4315 1245 4411">
     <span class='ocr_line' id='line_1_36' title="bbox 158 4315 1245 4411; baseline -0.005 -21"><span class='ocrx_word' id='word_1_230' title='bbox 158 4321 288 4411; x_wconf 76' lang='lat' dir='ltr'><em>Spauta</em></span> <span class='ocrx_word' id='word_1_231' title='bbox 303 4318 390 4388; x_wconf 86' lang='lat' dir='ltr'><em>mori</em></span> <span class='ocrx_word' id='word_1_232' title='bbox 404 4317 507 4400; x_wconf 70' lang='lat' dir='ltr'><em>victis</em></span> <span class='ocrx_word' id='word_1_233' title='bbox 521 4315 648 4409; x_wconf 83' lang='lat' dir='ltr'><em>(inquit</em></span> <span class='ocrx_word' id='word_1_234' title='bbox 658 4316 686 4406; x_wconf 72' lang='grc' dir='ltr'><em>ι)</em></span> <span class='ocrx_word' id='word_1_235' title='bbox 696 4339 761 4403; x_wconf 73' lang='lat' dir='ltr'><em>nea</em></span> <span class='ocrx_word' id='word_1_236' title='bbox 777 4318 871 4387; x_wconf 81' lang='lat' dir='ltr'><em>abi&#39;rs</em></span> <span class='ocrx_word' id='word_1_237' title='bbox 886 4316 1010 4407; x_wconf 67' lang='lat' dir='ltr'><em>⁰⁸t⁰tli</em></span> <span class='ocrx_word' id='word_1_238' title='bbox 1040 4322 1044 4327; x_wconf 86' lang='lat'>&#39;</span> <span class='ocrx_word' id='word_1_239' title='bbox 1064 4376 1071 4385; x_wconf 93' lang='lat'>.</span> <span class='ocrx_word' id='word_1_240' title='bbox 1087 4320 1108 4389; x_wconf 84' lang='grc'><em>“,</em></span> <span class='ocrx_word' id='word_1_241' title='bbox 1230 4370 1245 4385; x_wconf 95' lang='grc'><em>..</em></span> 
     </span>
    </p>
   </div>
   <div class='ocr_carea' id='block_1_10' title="bbox 0 0 1416 4860">
    <p class='ocr_par' dir='ltr' id='par_1_22' title="bbox 0 0 1416 4860">
     <span class='ocr_line' id='line_1_37' title="bbox 0 0 1416 4860; baseline 0 0"><span class='ocrx_word' id='word_1_242' title='bbox 0 0 1416 4860; x_wconf 95' lang='lat' dir='ltr'><em> </em></span> 
     </span>
    </p>
   </div>
  </div>
 </body>
</html>
