2784 4860
212 415 219 419 ,
311 336 547 417 'clvlnls
592 345 771 417 BELLI
814 345 925 417 LIB.
960 346 1089 423 VH„
1184 351 1251 420 209

143 523 192 592 Ut
205 524 322 593 mallet
336 527 439 592 sterni
455 527 590 609 gladiis,
604 530 799 610 mortesque
814 545 953 591 suorum
1111 547 1113 551 ’
1168 527 1251 593 ,100

142 635 352 701 Permiscere
367 638 464 701 meis.
477 638 560 700 belli
574 656 655 720 pars
668 655 794 719 magna
807 642 948 720 peracta
962 643 1016 702 est
1260 642 1263 647 ’

143 747 224 825 His,
241 748 365 829 quibus
381 748 537 812 effectum
554 754 616 825 est,
633 769 675 812 ne
691 768 841 832 pugnarn
854 749 921 813 tiro
934 754 1096 832 paveret:

143 857 181 922 Si
195 859 299 922 modo
315 859 448 922 virtutis
464 859 621 937 stimulis,
637 860 765 942 iraeque
781 859 894 923 calore

141 970 248 1052 Signa
261 975 391 1053 petunt.
408 970 533 1034 multos
547 971 583 1033 in
594 989 727 1034 summa
737 971 892 1054 pericula
906 969 1001 1034 misit

141 1079 285 1144 Venturi
300 1081 400 1144 timor
414 1081 489 1164 ipse
504 1081 597 1145 mali.
620 1080 894 1171 fortissimupille
910 1085 973 1159 est,
1080 1131 1084 1142 .
1180 1081 1248 1149 105

141 1189 212 1269 Qui
222 1197 400 1275 promptus
414 1193 595 1256 metuenda
607 1193 692 1276 pati,
708 1193 738 1257 si
754 1191 944 1256 comminus
959 1191 1096 1270 instent,
1135 1214 1138 1248 z
1247 1193 1250 1197 ’

141 1301 186 1366 Et
200 1302 332 1367 differre
347 1308 472 1387 potest.
488 1305 604 1387 placet
616 1304 692 1369 haec
702 1309 772 1368 tam
783 1322 949 1388 prospera
962 1323 1074 1367 rerum

139 1412 288 1478 Tradere
303 1415 474 1479 fortunael
498 1416 612 1497 gladic
625 1417 815 1500 permittere
825 1414 944 1478 mundi

140 1524 358 1590 Discrimenl
382 1547 533 1610 pugnare
549 1528 683 1606 ducem,
700 1547 804 1612 quam
817 1527 966 1602 vincere,
981 1525 1123 1592 malunt.

140 1635 214 1701 Res
228 1637 310 1700 mihi
326 1637 502 1701 Romanas
514 1639 656 1702 dederas
672 1639 824 1722 Fortuna
836 1637 1020 1719 regendas:
1162 1662 1165 1698 ;
1180 1638 1246 1703 110

141 1747 275 1830 Accipe
290 1748 450 1832 majores,
466 1753 500 1811 et
511 1768 607 1812 caeco
622 1749 659 1811 in
675 1747 786 1811 Marte
801 1752 906 1813 tuere.

140 1857 300 1941 Pompeii
313 1880 376 1923 nec
389 1859 516 1922 crimen
532 1860 605 1937 erit,
620 1879 683 1924 nec
696 1858 804 1942 gloria
816 1859 955 1924 bellum.

140 1967 264 2032 Vincis
277 1970 368 2052 apud
385 1970 536 2052 Superos
550 1970 640 2034 votis
654 1990 713 2034 me
725 1968 843 2034 Caesar
857 1970 1003 2053 iniquis:

139 2078 325 2163 Pugnatur.
342 2086 506 2164 quantum
521 2081 699 2157 scelerum,
717 2084 947 2163 quantumque
963 2080 1130 2147 malorum
1194 2110 1209 2131 ν

139 2192 182 2256 In
196 2193 346 2275 populos
360 2194 423 2256 lux
436 2194 503 2257 ista
517 2193 617 2257 feret!
641 2197 725 2276 quot
738 2210 842 2273 regna
852 2190 1038 2274 jacebunt!
1180 2189 1246 2271 115
1263 2187 1269 2204 '

140 2302 312 2384 Sanguine
328 2302 487 2368 Romano
504 2325 606 2388 quam
618 2303 773 2368 turbidus
788 2302 852 2365 ibit
866 2300 1040 2385 Enipeus!

139 2410 258 2476 Prima
271 2414 374 2477 velim
390 2413 494 2498 caput
508 2416 574 2480 hoc
589 2416 715 2479 funesti
729 2416 852 2478 lancee
865 2413 959 2491 belli,

140 2521 180 2586 Si
196 2524 269 2588 sine
285 2531 456 2590 momente
471 2547 592 2604 rerum,
608 2526 782 2610 partisque
795 2524 895 2588 ruina
953 2550 955 2556 s
1004 2548 1007 2554 ·

141 2699 191 2743 100
201 2707 340 2761 mortemque.
407 2703 455 2749 102
473 2698 511 2746 Iis.
578 2703 626 2749 108
641 2699 731 2766 glutitis.
809 2700 982 2749 totmanno?
1054 2703 1102 2748 114
1117 2700 1245 2765 Pugnatur.

174 2853 230 2899 101.
248 2849 307 2898 Belli
320 2868 373 2912 pars
389 2869 478 2916 mugeto,
494 2851 538 2900 &a
560 2852 679 2899 multatio
738 2854 794 2899 111.
815 2850 931 2914 Majorea]
960 2849 1084 2898 doctiores
1102 2853 1175 2898 faetus
1205 2867 1245 2898 an-

139 2931 234 2971 aumma,
243 2915 428 2979 &efferatissimus
437 2919 517 2972 ilteest,
526 2918 581 2979 dra]
592 2921 679 2964 Bonam
706 2917 787 2977 spiclis
795 2917 942 2976 consiliisque
952 2916 1017 2963 meis.
1031 2915 1061 2963 Et
1069 2931 1124 2963 caece
1132 2917 1158 2963 in
1168 2914 1245 2964 Marte

135 2982 187 3040 jam
197 2981 252 3027 belli
261 2981 423 3043 hujuspartem
433 2990 570 3031 transactam
582 2983 680 3041 ridetis3
706 2982 786 3045 tuere]
812 2983 844 3029 Et
855 2989 888 3038 tu,
898 2982 919 3028 si
928 2997 977 3028 rem
985 2980 1045 3028 bello
1056 2981 1178 3028 temerarie
1189 2997 1245 3028 eon·

140 3044 182 3090 ulti
199 3046 236 3090 vel
248 3045 335 3092 tirones
352 3047 425 3093 nostri
433 3063 532 3109 pugnam
543 3049 678 3108 deposcant.
705 3054 741 3093 tra
751 3047 847 3094 consilia
862 3053 886 3092 et
895 3046 1040 3108 prudentiam
1048 3046 1099 3107 geri
1108 3046 1176 3104 velis,
1193 3046 1245 3108 ipsa

141 3110 184 3155 sed
194 3110 294 3166 videant,
310 3127 339 3157 ne
349 3128 392 3172 per
402 3112 554 3159 temeritatem
562 3112 642 3174 potins
657 3119 681 3158 et
706 3127 781 3173 geras.
1073 3161 1076 3167 ,

139 3173 285 3221 insolentiam
296 3176 398 3236 imperiti
413 3193 490 3225 rerum
507 3186 575 3238 atque
592 3177 681 3224 recenti
741 3179 796 3223 112.
823 3173 923 3235 Pompeii
941 3188 982 3221 aee
1001 3167 1086 3228 crimtss
1103 3172 1166 3235 erit]
1193 3173 1246 3221 Nes

141 3239 241 3285 victoria
262 3241 330 3287 nimis
353 3242 406 3288 elati
425 3243 470 3288 hoo
492 3243 585 3296 iaciant,
612 3257 680 3302 quam
706 3239 764 3287 mihi
785 3239 875 3288 crimini
891 3240 960 3286 detur
977 3240 1056 3286 clades
1074 3244 1170 3298 accepta
1187 3237 1245 3284 belli

141 3305 247 3352 consulto
258 3311 321 3351 etex
332 3322 388 3353 vera
398 3306 539 3364 fortitudine,
557 3322 607 3368 quae
622 3322 681 3366 prae-
707 3321 752 3350 non
763 3320 795 3352 ex
806 3305 880 3351 animo
888 3319 940 3350 meo
950 3303 1061 3365 suscepti,
1072 3319 1115 3350 nee
1123 3301 1188 3348 laudi
1196 3302 1246 3349 ric-

142 3368 203 3429 oipit
222 3370 404 3418 mediocritatem
416 3373 552 3420 servandam
561 3372 586 3418 in
597 3372 682 3418 adeun·
708 3369 776 3422 to'ria,
788 3369 809 3415 si
820 3385 865 3429 que
876 3368 976 3415 eveniat.

141 3433 180 3479 dis
199 3435 372 3482 declinandisve
385 3432 506 3497 periculis,
522 3437 587 3483 hosti
604 3435 681 3496 itaque
712 3446 715 3451 ’
741 3436 797 3481 113.
817 3433 891 3480 Vincis
905 3433 966 3493 apud
978 3432 1080 3497 Superos,
1097 3430 1143 3478 &e
1159 3429 1246 3478 Facili·

139 3498 301 3560 indulgeamus
319 3502 407 3561 lugam
417 3509 589 3562 stememusque
604 3499 682 3563 potius
708 3514 761 3546 ores
772 3506 882 3558 expertus
893 3513 918 3545 es
926 3498 983 3544 deos
994 3498 1024 3544 ad
1034 3495 1181 3544 exaudienda
1190 3501 1247 3544 rote

140 3579 235 3611 aureum
253 3565 351 3625 fugienti
362 3573 463 3628 pontem,
479 3582 546 3627 quam
567 3581 619 3612 eum
630 3566 683 3612 des·
708 3569 748 3610 tua
759 3580 773 3610 ο
785 3563 959 3623 censerintque,
971 3567 997 3608 ut
1007 3561 1048 3623 qui
1060 3559 1169 3622 sanguine
1180 3559 1248 3608 cirili

140 3635 246 3689 peratum
255 3628 402 3678 lacessimus.
436 3627 682 3679 Multostimorinex·
708 3645 757 3675 rem
766 3628 866 3675 discerni
877 3625 960 3687 oupis;
976 3642 1044 3687 quam
1055 3641 1115 3682 mea,
1127 3624 1167 3686 qni
1176 3641 1247 3672 eune·

141 3701 239 3740 tremum
248 3692 376 3754 periculum
386 3713 416 3743 ex
426 3695 588 3757 desperatione
597 3695 681 3756 rapuit.
708 3694 777 3740 tando
788 3709 837 3740 rem
855 3691 978 3738 restituere
995 3691 1054 3737 eitre
1064 3705 1170 3738 eruorem
1181 3691 1247 3738 veln-

142 3758 222 3818 Magis
232 3759 308 3819 itaque
319 3761 389 3807 fortes
400 3777 442 3808 nos
456 3759 618 3821 praestabimus
629 3760 682 3806 hos·
708 3761 773 3805 erim.
807 3756 940 3818 Impetrasti
951 3770 1059 3816 pugnam.
1283 3796 1291 3803 .

143 3830 191 3870 tem
200 3823 321 3870 instantem
330 3825 466 3881 differendo,
474 3840 542 3885 qnam
549 3825 569 3870 si
576 3832 682 3886 prompte
742 3823 797 3871 115.
816 3822 962 3884 Quotregau,
980 3818 1035 3884 δια]
1054 3820 1118 3878 Quot
1134 3834 1203 3879 reges
1222 3819 1247 3867 in

143 3894 167 3935 et
184 3904 236 3934 cum
254 3890 338 3935 fiducia
354 3889 509 3938 formidabilia
519 3888 624 3951 aggressi
635 3905 682 3935 ma·
708 3887 843 3934 servitutem
854 3885 954 3946 rediget,
966 3885 985 3930 si
996 3885 1080 3943 vineat,
1094 3884 1193 3931 caesar?

142 3968 362 4001 uumeonseramus.
742 3955 797 4001 116.
816 3950 932 4013 Enipeus]
955 3950 1080 3997 Thessaliae
1097 3950 1152 3997 fluv.
1170 3949 1212 3996 lib.
1222 3953 1246 3999 6.

127 4016 131 4020 ’
177 4016 308 4066 turillae
332 4027 377 4065 tum
400 4035 515 4080 prospera,
543 4017 599 4083 δια]
635 4019 683 4065 Res
709 4019 809 4065 vs.373.

141 4097 265 4143 prosperas
277 4085 334 4132 adeo
345 4093 419 4132 certas
437 4100 553 4146 exponere
570 4084 626 4131 aleae
637 4084 685 4131 sor·
742 4085 797 4129 117.
816 4080 896 4126 Primo
908 4079 974 4126 velim
990 4076 1078 4140 ceput]
1095 4078 1191 4125 Utinam
1202 4092 1248 4140 ege

143 4155 204 4194 tunae
216 4149 223 4193 ἓ
708 4146 797 4209 primus
807 4145 831 4192 in
847 4145 909 4192 bello
920 4145 1008 4200 eadam,
1024 4143 1094 4191 modo
1109 4142 1135 4189 id
1145 4143 1186 4190 fiat
1195 4141 1248 4190 sine

176 4215 233 4260 108.
252 4211 334 4259 Gladio
351 4216 490 4275 permittere,
508 4213 564 4277 &e.]
582 4214 684 4260 Cruento
709 4212 808 4273 partium
816 4207 1182 4257 mearamdamnoetenlamitete.

143 4277 227 4334 Marti,
243 4280 309 4337 eujus
320 4279 370 4324 alea
381 4295 473 4342 anceps.
744 4280 799 4325 118.
817 4275 872 4322 siae
881 4274 1008 4337 monento]
1026 4274 1102 4331 Motu,
1112 4269 1249 4330 mutatione,

176 4347 233 4389 110.
252 4341 295 4389 ita
313 4344 369 4389 oali
388 4344 507 4402 Romam
528 4339 584 4405 &o.]
607 4342 685 4404 Apes·
711 4340 898 4392 aatoalamitate.
915 4338 998 4404 Salpia

143 4407 226 4468 trophe
237 4407 268 4454 ed
283 4409 413 4457 Fortunam.

1269 4188 1275 4220 l
1293 4220 1295 4226 ,
