2784 4860
483 858 695 937 Pur-eroum
714 857 897 932 ARBITRI
944 869 946 872 ⁴

315 1122 368 1225 8
408 1121 464 1226 Ῥ
513 1097 673 1226 uc
707 1120 734 1227 1
783 1055 944 1225 ΜΕ
995 1115 1059 1296 n

499 1422 653 1492 uuum
676 1421 874 1495 crvrms.
965 1509 966 1512 Ν
1019 1440 1024 1451 «

577 1725 805 1767 m.

137 1982 290 2076 Oneum
302 1994 375 2093 jam
388 2011 497 2072 totum
511 2003 622 2072 victor
635 2003 817 2071 Romanus·
826 1997 985 2085 habebat,

140 2121 219 2200 Qua
231 2141 336 2200 mare,
352 2125 544 2205 quaternae,
560 2133 629 2206 qua
644 2119 741 2184 sidus
755 2112 1060 2218 cu'rrit'utrurnqde,

140 2217 216 2309 Νθό
233 2235 377 2299 satiatus
393 2237 475 2298 erat.
498 2231 647 2316 grandis
662 2228 748 2310 freta
762 2232 865 2318 pulsa
879 2224 1005 2299 carinis
1129 2230 1131 2234 ’
1238 2189 1243 2234 ³

138 2347 162 2411 J
163 2366 218 2411 am
232 2347 507 2435 peragrabantur.
529 2345 560 2410 si
575 2345 653 2438 quis
668 2343 764 2409 sinus
779 2344 916 2412 abditus
930 2345 1030 2424 ultra,

141 2459 178 2524 si
193 2479 262 2544 qua
276 2459 364 2523 foret
378 2458 481 2523 tellus
501 2477 579 2543 quae
594 2457 726 2523 fulvum
739 2457 884 2524 mitteret
898 2463 1028 2537 aurum,

141 2570 265 2638 Hostis
281 2577 371 2637 erat:
394 2571 593 2656 fatisquein
607 2569 717 2635 tristia
730 2554 823 2636 bella
837 2571 966 2656 paratis

141 2682 389 2764 Quaerebantur
404 2684 501 2772 opes.
522 2701 592 2747 non
605 2682 708 2766 vulgo
723 2687 806 2750 nota
820 2683 1003 2768 placebant

141 2795 298 2864 Gaudia:
320 2815 390 2861 non
404 2813 470 2859 usu
484 2793 620 2878 plebeio
635 2793 714 2858 trita
728 2791 908 2879 voluptas:

142 2904 287 2991 Assyria
300 2907 466 2973 concham
480 2905 644 2972 laudabat
657 2903 756 2970 miles
771 2904 808 2969 in
821 2904 924 2973 unda.

143 3016 320 3097 Quaesitus
335 3015 454 3082 tellure
468 3017 557 3082 nitor
572 3017 760 3081 certaverat
775 3019 879 3081 ostro.

144 3128 237 3194 Hinc
252 3127 414 3196 Numidae
430 3133 574 3205 crustas,
589 3126 684 3192 illinc
699 3148 791 3193 nova
803 3123 932 3194 vellera
946 3120 1058 3207 Seres,
1098 3122 1100 3124 ’

142 3240 257 3325 Atque
272 3239 425 3304 Arabum
439 3240 590 3324 populus
606 3258 670 3303 sua
690 3235 943 3334 despoliaverat
957 3237 1049 3304 arva.

143 3350 236 3426 Ecce
252 3351 330 3416 aliae
346 3350 475 3429 clades,
491 3337 525 3414 et
538 3351 635 3415 laesae
643 3350 791 3415 ‘vulnera
804 3350 915 3435 pacis.

145 3461 318 3540 Quaeritur
331 3462 368 3524 in
381 3460 478 3526 silvis
494 3443 608 3526 Mauri
622 3462 712 3526 fera:
735 3466 770 3526 et
783 3460 922 3527 ultimus
937 3456 1085 3527 Ammon

144 3572 304 3636 Afrorum
319 3573 499 3636 excutitur.
521 3593 564 3636 ne
580 3572 669 3636 desit
682 3570 798 3636 bellua
818 3570 918 3637 dente
1036 3556 1040 3564 ¹

144 3682 201 3748 Ad
215 3689 340 3747 mortes
355 3683 514 3766 preciosa
528 3703 621 3748 suas,
644 3683 766 3768 premit
779 3683 912 3748 advena
926 3679 1072 3748 classes!

98 3869 112 3877 ,
144 3794 269 3878 Tigris,
285 3799 319 3857 et
335 3798 454 3857 aurata
469 3794 625 3876 gradiens
641 3799 794 3859 vectatur
808 3796 844 3858 in
859 3790 950 3870 aula,

146 3904 194 3969 Ut
208 3905 304 3967 bibat
317 3904 501 3968 humanum
515 3906 646 3989 populo
662 3903 845 3990 plaudente
860 3922 1024 3969 cruorem.

147 4015 229 4078 Heu
243 4015 349 4098 pudet
362 4014 466 4092 effari,
482 4015 698 4100 perituraque
713 4014 855 4100 prodere
870 4012 960 4080 fata:

148 4126 328 4190 Persarum
342 4127 408 4191 ritu
422 4127 511 4190 male
526 4127 794 4211 pubescentibus
810 4125 909 4189 annis
1023 4142 1029 4154 ²

148 4237 346 4337 Surripuere
360 4240 473 4320 viros3
496 4244 703 4323 exsectaque
717 4239 853 4304 viscera
866 4230 955 4328 ferro

149 4348 190 4412 In
204 4369 361 4417 venerem
375 4348 520 4433 fregere:
543 4354 646 4434 atque
661 4353 699 4414 ut
713 4335 947 4434 fugamobllis
963 4347 1029 4414 aevi
1163 4339 1167 4345 ”
1210 4337 1214 4345 “
