2784 4860
344 297 559 417 orvrnrs
603 341 779 412 nnnnr
821 340 931 410 nra.
969 341 1025 444 rr.
1186 337 1230 405 75

125 519 232 585 Mons
246 520 333 586 inter
347 521 499 607 geminas
513 520 647 598 medius
662 540 700 585 se
716 519 857 602 porrigit
870 517 981 582 undas
1075 557 1082 574 ι
1175 539 1177 548 ⁴

126 631 256 696 Inferni
270 631 461 717 Superiqne
475 634 600 698 maris:
623 633 798 714 collesque
814 634 973 696 coercent
1163 612 1229 687 400
1289 724 1292 730 .
1363 720 1365 728 .

126 741 222 806 Hinc
236 741 411 825 Tyrrhena
425 743 515 808 vado
530 742 723 824 frangentes
739 762 880 827 aequora
893 741 1001 818 Pisae,

125 851 228 917 Illinc
244 852 449 918 Dalmaticis
456 855 613 921 ,obnoxia
626 854 786 921 fiuctibus
796 853 931 919 Ancon.

125 963 295 1031 Fontibus
309 963 365 1027 hic
381 965 489 1029 vastis
503 966 688 1030 immensos
708 966 860 1048 concipit
874 981 1002 1040 amnes,

94 1078 100 1085 '
126 1071 353 1164 Fluminaque
369 1073 405 1136 in
419 1075 545 1155 gemini
560 1077 689 1160 spargit
703 1076 849 1140 divortia
858 1074 967 1159 ponti.

125 1183 168 1248 In
181 1183 309 1248 laevum
325 1184 479 1252 cecidere
495 1186 597 1264 latus,
619 1187 790 1270 veloxque
807 1186 997 1261 Maternus,
1057 1225 1061 1237 ·
1100 1237 1102 1240 -
1129 1248 1136 1256 .
1147 1171 1228 1255 ,4⁰⁶

124 1291 424 1377 Crustumiumque
438 1315 560 1380 rapax,
583 1302 618 1361 et
627 1297 768 1382 junctus
784 1295 900 1380 Isapis
919 1294 1053 1366 Isauro,
1223 1283 1226 1286 ’

125 1402 319 1486 Sennaque,
330 1409 365 1470 et
379 1403 548 1471 Adriacas
561 1408 620 1490 qui
634 1408 789 1472 verberat
802 1406 948 1471 Aufidus
962 1401 1096 1469 undas:
1263 1458 1267 1469 ,

124 1509 274 1592 Quoque
288 1516 397 1593 magis
411 1517 542 1582 nullum
556 1519 657 1582 tellus
673 1538 710 1582 se
726 1517 831 1581 solvit
841 1511 1051 1584 in'amnom,
1117 1528 1133 1546 ..
1143 1508 1158 1535 ⁴·
1176 1526 1189 1536 ’“
1208 1504 1213 1515 ’

125 1619 307 1697 Eridanus,
329 1620 526 1704 fractasque
542 1623 670 1687 evolvit
690 1629 726 1687 in
742 1641 882 1706 aequora
897 1623 1015 1698 silvas,

124 1729 399 1814 Hesperiamque
415 1731 572 1796 exhaurit
582 1734 694 1815 aquis.
740 1733 844 1797 Hunc
859 1733 979 1797 fabula
992 1730 1138 1815 primum
1159 1721 1227 1789 410

374 1881 423 1932 4⁰⁰
437 1896 531 1932 Μαί·
645 1917 646 1920 ¹
710 1893 773 1933 ‘roe
791 1862 1036 1932 Duntt'.saat1.²'s²

122 1952 174 1998 403
192 1949 367 1997 Poeninae.
380 1951 419 1996 im.
436 1949 545 1997 Pontibus
555 1953 673 1998 immensos
681 1952 703 1996 b.
715 1967 736 1997 e.
754 1949 849 1997 Montib.
867 1951 934 1996 Grot.
1075 1949 1125 1994 404
1135 1945 1225 2006 sparsit
1305 2000 1310 2006 ι

123 2019 174 2065 406
192 2013 385 2075 Crastiniumque,
400 2013 581 2076 Gradiuumque.
670 2017 718 2062 406
728 2019 821 2078 juncto.
903 2017 952 2062 406
970 2010 1038 2073 lepis,
1056 2008 1137 2072 laepia
1153 2009 1225 2070 Supte.

123 2082 172 2130 407
190 2078 433 2140 unaqueunaque,
446 2078 554 2142 Senaque.
588 2082 637 2128 408
648 2081 721 2127 volvit.
755 2082 804 2129 409
808 2076 901 2144 fructos
912 2077 1018 2135 diuoluit,
1020 2073 1113 2140 fructus
1124 2075 1225 2122 dominii.
1266 2110 1274 2115 .

157 2230 213 2277 399.
232 2226 368 2274 Meneiuter
377 2229 484 2290 genuinos,
497 2227 553 2292 δια]
572 2230 616 2276 Est
624 2246 664 2276 an·
690 2231 729 2276 tio.
749 2227 891 2292 Metaurus]
909 2228 1075 2277 Umbriaefluv.
1088 2224 1225 2274 Asdrubalis

123 2298 172 2339 tem
184 2292 327 2352 Apenninus,
343 2308 418 2350 mons,
434 2295 473 2353 qni
482 2294 572 2341 ltaliam
582 2295 607 2340 in
615 2296 664 2340 lon·
688 2295 755 2352 clade
765 2302 841 2341 notus.

123 2355 253 2418 gitndinern
269 2364 376 2416 tanquam
393 2357 460 2417 spina
478 2358 542 2405 dorsi
562 2366 664 2414 secata
721 2362 777 2408 406.
806 2358 961 2406 Crustumium
975 2372 1003 2404 ue
1024 2355 1115 2417 rupen]
1143 2355 1179 2401 Fl.
1200 2353 1224 2402 in

123 2420 219 2467 sinistra
228 2427 293 2479 perte
305 2435 369 2466 mare
381 2421 525 2468 Adriaticum
537 2437 578 2469 sen
590 2424 663 2483 Supe·
688 2423 808 2469 Flaminia.
822 2422 952 2486 Etjuuctus
959 2375 1134 2482 impulsante]
1142 2419 1224 2465 Scribe

123 2491 303 2544 rumspectans,
320 2486 427 2531 adextre
445 2501 508 2533 mare
520 2487 664 2546 Tyrrhenum
689 2503 742 2534 cum
759 2489 809 2534 MS.
823 2488 946 2534 Putennor.
969 2493 993 2533 et
1011 2486 1042 2530 R.
1051 2487 1080 2530 A.
1099 2483 1129 2531 Et
1140 2486 1225 2545 juncto

123 2564 168 2596 cen
178 2549 281 2601 Inferum
289 2548 423 2608 respiciens.
689 2551 754 2612 Sapis
768 2550 854 2597 isauro.
888 2552 972 2598 Exstat
990 2550 1015 2596 id
1032 2564 1114 2599 nomen
1125 2547 1225 2606 fluminis

157 2615 214 2661 400.
237 2612 350 2672 collesque
369 2620 478 2667 coercent,
507 2611 564 2675 &e.]
591 2615 663 2674 Cujus
689 2617 750 2675 apud
763 2616 890 2662 Plin.111.
903 2617 942 2664 15.
955 2612 1154 2675 G‘rotiue.lsupis.]
1170 2612 1224 2657 Fla-

123 2676 199 2723 colles
210 2676 313 2722 etlatera
323 2677 400 2737 signat
410 2684 546 2737 coercetque
556 2695 570 2725 e
581 2679 664 2725 dextra
688 2680 764 2726 miniae
785 2681 839 2725 ssav.
860 2679 968 2745 Strabqni
986 2678 1026 2724 lib.
1045 2679 1069 2723 3.
1090 2678 1131 2724 sed
1146 2677 1224 2723 Plinio

122 2740 149 2787 in
162 2741 209 2788 imo
224 2740 277 2787 sinu
292 2741 404 2802 Tyrrheni
416 2741 494 2796 meris,
509 2743 566 2788 urbs
577 2743 664 2788 Pisaee
687 2743 728 2788 lib.
741 2746 766 2789 3.
774 2758 824 2804 cap.
834 2747 873 2794 15.
883 2742 1025 2791 etBoccatio
1035 2741 1106 2801 Sapis.
1124 2738 1224 2801 Isaura]

122 2804 226 2852 sinistra.
258 2807 354 2851 Ancona
369 2805 451 2851 Piceni
469 2808 525 2852 urbs
537 2804 562 2851 in
581 2805 664 2852 Adria·
688 2807 770 2853 Piceni
780 2809 835 2854 fluv.
845 2808 936 2854 Blondo
947 2815 971 2853 et
981 2806 1085 2854 neandro
1097 2804 1184 2868 Elegio.

122 2867 173 2915 tice
183 2867 250 2924 mari,
265 2868 341 2916 ventis
357 2875 381 2914 et
397 2869 505 2916 fluctibns
521 2886 535 2916 e
549 2870 664 2916 Delmatia
721 2874 776 2918 407.
795 2871 912 2933 Sennuque
922 2879 943 2918 et
957 2869 1087 2931 Adriacas]
1106 2869 1137 2916 Et
1149 2867 1229 2916 Clunia

122 2932 301 2980 advenientibus
323 2933 438 2993 exposita,
464 2942 500 2980 est
517 2933 578 2980 enim
596 2936 664 2992 ἀγκὼν
689 2934 854 2983 etliube'conet
870 2937 981 2984 Senonum
998 2936 1025 2981 de
1042 2935 1128 2981 nominc
1146 2933 1238 2980 Senno..

122 2997 179 3044 ulna
202 2996 286 3051 cubiti,
311 3012 355 3043 cen
377 3013 430 3044 sura
448 2998 526 3059 potius
546 2998 621 3044 Italica
640 2998 664 3044 in
689 2999 729 3044 Sil.
750 3005 772 3048 8.
794 2997 920 3062 Verberet]
949 2999 1007 3046 Cum
1026 2997 1115 3059 impetn
1142 2998 1226 3044 inlinit.
1249 3010 1254 3016 ·

122 3061 190 3108 tibiae
208 3062 304 3108 sormam
322 3069 443 3122 porrectae.
462 3061 586 3124 enecent]
604 3063 664 3108 (lon-
688 3063 768 3110 eunte
779 3065 885 3124 6030φο
892 3063 995 3124 Aufidus.
1013 3063 1094 3109 Horat.
1103 3063 1143 3110 lib.
1153 3064 1176 3109 3.
1187 3062 1224 3108 od.

123 3124 242 3185 stringunt
257 3124 373 3184 utrinque.
689 3129 728 3173 30.
745 3127 843 3188 Aufidus
859 3127 954 3187 undae]
982 3127 1073 3185 Apuliae
1093 3129 1148 3173 fluv.
1167 3126 1226 3173 Gan-

156 3192 215 3239 «102.
234 3186 388 3250 Dalmaticis]
401 3188 544 3234 Hadriaticie
555 3206 560 3234 :
573 3195 664 3248 sumpto
689 3190 755 3236 ncnsi
768 3191 834 3237 clade
842 3191 1009 3246 memorabilis,
1027 3190 1056 3236 L.
1070 3188 1160 3253 Ofente

123 3253 229 3314 epitheto
249 3254 279 3299 ab
298 3266 338 3298 ora
357 3253 454 3298 adversa
467 3251 664 3313 littorislllyrici‚
721 3256 779 3301 408.
797 3255 888 3315 Quoque
904 3257 983 3317 onogia,
1001 3253 1057 3314 &c.]
1086 3255 1165 3301 Padus
1186 3251 1227 3308 Po,

123 3319 266 3377 circaquam
276 3315 391 3362 Delmatia
412 3323 456 3370 est,
473 3332 524 3376 quae
540 3316 665 3380 Pannoniae
691 3318 762 3365 totius
782 3315 883 3379 Europae
901 3320 1001 3365 amnium
1017 3318 1087 3378 longe
1103 3318 1227 3372 maximus,

123 3397 180 3443 pau
197 3387 242 3437 est,
259 3385 365 3441 spectans
385 3380 415 3426 ad
433 3379 577 3437 Adriaticum
593 3396 663 3428 mere.
689 3383 751 3430 circe
772 3385 840 3438 ostia,
858 3393 956 3443 excepto
979 3383 1093 3428 Danubio.
1135 3381 1228 3429 Proluit

126 3446 233 3494 Hortens.
689 3448 768 3494 insano
786 3456 932 3509 contorquens
941 3448 1033 3493 corneo
1047 3447 1119 3508 sylvus
1136 3445 1231 3503 Fluvio«

157 3513 215 3558 403.
233 3506 342 3556 Fontibus
353 3507 475 3565 ticeustu,
492 3507 549 3570 &c.]
567 3510 606 3556 Ex
621 3509 666 3556 lroc
690 3527 743 3557 rum
760 3527 798 3558 rec
814 3511 937 3558 Eridanus.
953 3511 1019 3572 Virg.
1035 3512 1119 3570 Georg.
1139 3515 1161 3556 1.
1180 3525 1228 3557 non

124 3573 250 3635 Apennino
270 3572 376 3620 oriuntur
386 3572 453 3619 multi
465 3573 569 3622 celebres
589 3589 666 3620 amnes
691 3582 766 3623 autem
785 3576 858 3622 oritur
876 3591 906 3622 ex
926 3577 1057 3636 Apennino,
1073 3576 1109 3622 nti
1128 3590 1171 3621 nec
1188 3574 1228 3621 alii

125 3639 166 3699 qni
176 3637 316 3684 delebuntur
325 3637 350 3684 in
361 3643 475 3698 utrunque
483 3654 546 3685 mare
553 3639 667 3698 Superum
691 3640 783 3700 qnidam
794 3641 858 3686 fluvii
876 3654 972 3700 qnorum
982 3641 1056 3687 sontes
1064 3647 1134 3701 poeta
1151 3640 1229 3700 Apen-

125 3710 151 3750 et
168 3703 278 3748 Inferum.
303 3701 411 3748 Divortia
431 3717 540 3761 aquarum
556 3709 609 3750 eant
619 3703 667 3766 (in-
691 3704 744 3749 nino
756 3705 844 3750 tribuit.

125 3767 179 3828 qirit
195 3765 316 3813 Turnebus
334 3765 433 3812 Advers.
444 3765 488 3812 lib.
503 3770 542 3814 14.
555 3783 605 3827 cap.
615 3766 668 3828 11.)
724 3771 779 3816 410.
793 3766 1164 3829 Hesperiamquecubuun'tequie.]
1173 3769 1228 3815 Am·

121 3833 182 3892 juga
195 3829 290 3877 undein
302 3828 470 3890 diversaeque
486 3838 510 3877 et
526 3832 632 3878 coelestes
644 3838 668 3877 et
692 3847 732 3878 nes
743 3833 884 3893 navigabiles
902 3839 926 3878 et
941 3832 1005 3879 lacus
1022 3833 1133 3879 immensi·
1148 3833 1172 3878 in
1183 3834 1229 3880 Pe·

125 3909 243 3957 perennes
254 3894 379 3941 divertunt.
413 3893 621 3960 Etipsiejugised
632 3896 670 3942 di·
691 3898 747 3943 dum
764 3913 788 3942 se
807 3903 939 3950 exonerant,
955 3896 1025 3943 itaut
1042 3897 1133 3943 flumina
1149 3898 1190 3952 30,
1205 3897 1230 3944 in

124 3960 604 4022 wnuaqwmmcnnepnun.1.ivin.
691 3961 835 4008 Adriaticum
855 3961 966 4008 effundat.
1010 3960 1124 4008 Ecbourit
1144 3960 1229 4024 oquin]

159 4026 218 4074 404.
237 4020 362 4085 Diuortie]
388 4023 416 4070 ln
434 4023 574 4072 diverticula
589 4024 668 4084 superi
693 4025 810 4085 Quicquid
829 4026 890 4072 enim
899 4040 1007 4086 aquarum
1024 4036 1059 4072 est
1075 4026 1099 4072 in
1115 4027 1231 4073 ltaliase·

126 4087 242 4149 inferique
259 4086 339 4141 maris,
355 4088 417 4148 quod
429 4087 508 4148 longis
527 4089 668 4136 anfractibus
692 4103 743 4136 enm
754 4089 848 4137 videtur
862 4090 978 4149 arripere:
996 4105 1047 4137 nam
1055 4091 1127 4137 multa
1136 4091 1161 4137 in
1177 4106 1230 4138 eum

127 4161 152 4201 et
172 4150 297 4199 meandris
308 4150 431 4207 divertant,
448 4151 581 4214 priusquam
596 4154 669 4200 marie
691 4152 789 4201 induunt
800 4155 899 4201 domina.
917 4154 1000 4215 Sulpit.
1018 4155 1230 4220 Huncfobuiopri·

126 4216 297 4278 ingrediantur.
316 4213 421 4262 Hortens.
690 4234 760 4273 mum,
778 4219 833 4282 δια]
851 4218 940 4266 Fabula
957 4234 1001 4266 cen
1019 4220 1079 4266 same
1094 4226 1138 4275 est,
1155 4221 1234 4268 Phae--

162 4283 220 4328 405.
239 4277 269 4326 ln
280 4280 359 4326 honen
369 4279 559 4344 adimimus]
576 4283 604 4330 In
620 4282 667 4342 ⁴Su·
690 4283 776 4330 tbontis
787 4299 877 4331 sorores
885 4297 965 4330 versas
975 4284 1047 4333 fuisse
1057 4284 1080 4330 in
1089 4283 1189 4345 populos
1199 4283 1229 4332 ad

127 4360 213 4408 perum
222 4358 285 4392 mare
294 4359 338 4392 ceu
344 4344 487 4396 Adriaticum
493 4346 554 4411 golfo
561 4348 589 4394 de
598 4345 667 4396 Vene-
691 4348 754 4409 ripas
766 4349 833 4409 hujus
843 4348 916 4405 tlnvii,
928 4347 971 4396 &a
989 4349 1059 4398 ovid.
1071 4352 1095 4396 Ξ.
1105 4350 1163 4395 Met.
