2784 4860
148 308 215 377 eso
446 310 958 399 surnaria-rtrum

146 486 276 570 Sponte
290 488 403 567 fores3
424 508 566 554 raucum
580 489 743 555 dederant
757 486 1116 579 crepitantium

149 597 257 663 Arma
271 618 413 681 sonum3
434 603 636 686 moestisque
651 620 756 667 canes
773 600 963 665 ululatibus
983 600 1141 685 implent

149 708 269 790 Atria;
291 710 414 774 ferales
428 711 569 776 effundit
583 730 677 796 saepe
693 708 850 795 querelas

150 818 255 903 Stryx
268 824 433 885 nocturna
447 840 541 900 suas,
555 822 773 907 infaustaque
788 822 941 889 carmina
954 822 1079 899 Bubo.

150 927 339 1014 Morpheus
353 932 490 996 intravit
502 933 617 997 media
626 932 701 1015 jam
714 936 815 995 nocte
834 930 949 995 cubile
994 946 998 955 ·

149 1039 229 1120 Quo
243 1042 348 1125 Tyrio
362 1044 513 1109 formosa
527 1044 659 1107 cubans
675 1040 885 1125 calphurnia
897 1040 1003 1121 lecto,

148 1150 321 1237 Carpebat
334 1172 457 1236 magno
470 1160 607 1219 teneros
622 1174 700 1219 curu
715 1152 861 1237 conjuge
881 1172 1040 1243 somnos,

147 1262 191 1328 In
204 1264 328 1329 faciem
343 1265 452 1330 occisi
467 1272 602 1341 vertens
617 1284 655 1329 se
670 1263 820 1329 Caesaris
833 1268 926 1331 astat
969 1316 972 1321 .
1016 1242 1023 1291 2

145 1373 236 1441 Ante
250 1379 361 1442 torum
375 1380 520 1456 miserae,
535 1380 687 1443 lacerata
698 1372 991 1455 veste'cruentus3
1046 1428 1050 1433 .
1170 1426 1176 1433 .

145 1485 299 1551 Vulnera
312 1489 404 1554 mille
419 1494 548 1573 patent,
563 1488 700 1572 qualem
713 1492 748 1551 te
761 1486 923 1567 crastiua,
936 1484 1076 1567 cm,
1166 1562 1169 1567 ¹
1203 1494 1208 1505 '

144 1598 225 1664 Lux
238 1600 369 1684 populo
382 1602 549 1665 ostendet.
571 1600 655 1664 diris
669 1599 830 1664 exterrita
841 1598 929 1665 visis
1004 1596 1008 1603 ’
1068 1596 1075 1605 ’
1117 1598 1121 1605 '

145 1708 302 1793 Ingemit,
318 1717 352 1775 et
364 1712 557 1794 lacrymans
572 1707 782 1791 calphurnia
795 1708 938 1773 brachia
950 1702 1087 1775 sonno
1160 1696 1163 1701 ¹

144 1818 213 1885 Per
226 1821 353 1885 lectum
367 1838 532 1904 prensura
543 1820 653 1883 virum
666 1824 782 1883 movet
788 1834 802 1899 '3
823 1818 955 1883 invenit
966 1816 1078 1887 illaru-
1203 1876 1208 1881 .
1239 1820 1250 1859 '-

143 1929 375 2012 Incolumem3
399 1932 461 1995 sed
475 1930 536 1995 vix
549 1928 645 2014 (nam
654 1928 729 2012 jam
743 1928 881 1993 turbata
893 1946 1061 2013 soporem

143 2041 324 2128 Excussit)
338 2048 436 2127 putat
449 2042 677 2119 incolumem
698 2039 761 2103 vix
775 2034 935 2103 sensibus
946 2036 1041 2123 ipsa·

144 2151 307 2229 Credidit,
323 2152 476 2217 attonitae
489 2156 562 2215 tam
576 2152 711 2217 somnia
723 2152 797 2216 fixa
808 2146 1022 2217 mosne·

144 2260 277 2326 Oscula
291 2260 350 2326 dat
363 2260 498 2335 moestac
514 2260 643 2340 Gaesar,
659 2278 869 2347 causamque
884 2258 1022 2329 doloris·

141 2372 329 2454 Quaerenti,
346 2375 458 2439 visum
471 2379 586 2438 narrat
600 2371 822 2459 Calphurnia
824 2374 961 2441 tristh

143 2484 248 2565 Quod
264 2485 344 2549 dum
358 2490 481 2562 narrat,
497 2484 609 2550 adhuc
624 2486 783 2570 trepidat,
798 2486 1063 2575 lachrymmque
1076 2494 1233 2563 reum

142 2595 294 2661 Effrmdit
280 2592 513 2681 tpectusque'
525 2596 616 2661 ulnis
630 2597 793 2680 amplexa
806 2596 905 2663 virile
1034 2644 1037 2649 -
1162 2598 1229 2643 '-

142 2706 304 2784 sidereis,
320 2710 394 2770 orat
409 2726 452 2771 ue
467 2726 558 2772 vaua
571 2706 648 2772 haec
664 2708 798 2773 somnia
815 2707 945 2787 credat,
1031 2772 1037 2781 ,

142 2817 241 2883 Neve
257 2821 392 2881 ostenta
406 2815 523 2881 Dedm
536 2822 750 2899 contemnat3
769 2818 897 2885 Martis
910 2824 950 2885 ut
963 2818 1063 2903 Idus,
1126 2890 1131 2895 ,
1223 2872 1226 2877 .

145 2925 233 3007 Quae
248 2927 338 2992 male
353 2932 433 2990 tunc
449 2927 601 3005 aderant,
615 2932 651 2992 et
663 2928 747 3012 quid
759 2930 933 3014 Spurinna
940 2918 1115 3019 moueret,

143 3039 305 3124 Quidque
321 3039 380 3103 aiii
395 3044 504 3117 vates,
517 3046 671 3151 reputet3
692 3060 757 3106 nec
768 3040 843 3126 jam
857 3060 923 3109 sua
935 3044 1041 3125 tantis

141 3152 413 3217 Praemonitus
385 3152 492 3234 srgnis
505 3146 638 3217 nescire
652 3152 808 3236 pericula
821 3142 936 3221 vellet.

143 3266 259 3349 thue
273 3285 409 3329 manere
425 3264 690 3348 domi-placeat3
712 3266 892 3349 lucemque
906 3272 1110 3349 sequentem

142 3379 247 3447 Hanc
262 3396 377 3453 unam,
393 3377 424 3440 si
438 3396 508 3445 non
521 3378 671 3461 propriae
686 3379 815 3443 doum
829 3366 945 3453 saluti,
978 3390 981 3397 ·
1025 3370 1029 3375 ’

142 3488 309 3574 conjugis
325 3493 361 3552 at
375 3488 496 3553 saltem
509 3490 616 3553 vellet
629 3476 756 3552 donare
779 3486 916 3552 timori·
1211 3536 1214 3543 .

141 3600 322 3683 Hispanas
337 3600 469 3677 iterum,
485 3598 566 3663 darn
579 3590 675 3663 tanta
688 3594 844 3681 peticula
855 3600 996 3675 msam,
1062 3584 1081 3623 ³
1109 3592 1116 3653 ’-
1205 3646 1212 3655 .

140 3708 314 3775 Dimissas
326 3728 435 3792 nuper
448 3708 580 3772 monuit
592 3724 756 3773 revocare
775 3707 946 3785 cohortes,
975 3720 979 3731 “
1043 3750 1048 3761 ·
1234 3704 1244 3711 ”

139 3820 185 3885 Et
199 3822 380 3904 stipatores
395 3820 494 3885 fidos.
516 3838 587 3883 non
601 3835 679 3883 csse
692 3817 847 3902 pavoris·
868 3816 880 3871 '.
946 3860 952 3869 -
1007 3864 1011 3869 -
1032 3814 1048 3867 -'

141 3931 210 3996 Sed
225 3930 363 4012 pietatis
379 3948 468 4013 opus
480 3929 647 3995 Diuorum
662 3932 798 3994 ostenta
810 3924 953 3991 timere.-
972 3950 987 3979 ·-
1014 3974 1032 4001 -,
1055 3942 1069 3959 ’
1100 3974 1108 3983 .
1128 3960 1138 3969 -
1175 3972 1178 3981 .
1193 3978 1196 3983 .

140 4042 206 4109 Cui
221 4040 339 4105 Caesar
354 4046 493 4105 contra:
515 4040 595 4124 plus
608 4030 890 4122 mc'Caiphumia
901 4034 1017 4107 luctus
1051 4058 1059 4093 2
1077 4058 1089 4071 ··
1179 4090 1182 4095 .

138 4155 184 4219 Et
196 4155 357 4236 lacrymae
372 4171 510 4216 movere
521 4156 605 4229 tuae,
621 4166 726 4234 quam
737 4150 851 4215 tristia
863 4148 998 4217 Vatum·
1025 4162 1030 4171 ’
1064 4198 1068 4205 -
1126 4148 1133 4159 ’
1153 4202 1158 4207 .

138 4264 335 4351 Responsa,
350 4262 509 4330 usaustae
525 4262 856 4357 volucres-autoilo
868 4262 1008 4329 dieram
1041 4300 1106 4319 ...-
1148 4312 1162 4319 ..
1183 4270 1188 4277 '
1219 4264 1243 4327 Ᾱ,
