2784 4860
141 321 207 389 116
350 360 353 366 ·
398 319 448 386 Μ.
492 320 704 389 ANNAEI
748 318 1012 393 LUCANI¹

58 546 62 551 .
142 493 289 578 Quaque
301 492 423 558 fretum
437 499 567 559 torrens
585 493 771 561 Maeotidos
786 498 892 579 egerit
904 497 1016 562 undas

81 627 84 632 ·
141 602 286 683 Pontus,
302 608 336 669 et
351 604 532 670 Herculeis
554 605 702 670 aufertur
717 606 826 688 gloria
839 608 952 683 metis,
1047 658 1050 663 .

141 715 387 799 Oceanumque
400 721 501 798 negat
517 717 610 780 solas
626 715 803 781 admittere
819 715 948 781 Gades.

140 825 234 890 Hinc
250 832 284 890 et
299 824 463 890 Sithoniae
486 832 613 909 genten,
631 845 781 909 auroque
796 827 920 908 ligatas
1091 878 1094 883 .
1176 826 1245 892 880

140 936 380 1020 Substringens
395 935 576 1020 Arimaspe
592 956 729 1000 eomas:
752 937 831 1005 hinc
846 938 943 1002 sortis
958 935 1076 1014 Arius,
1095 936 1105 953 ³
1149 994 1152 998 .

53 1102 56 1107 .
141 1049 327 1135 Longaque
343 1050 522 1115 Sarmatici
538 1053 675 1115 solvens
687 1051 822 1136 jejunia
834 1051 917 1115 belli

140 1159 354 1245 Massagetes
366 1181 434 1244 quo
449 1162 535 1244 fugit
549 1181 660 1245 equo;
683 1162 908 1248 volucresque
924 1160 1060 1228 Geloni.
1129 1178 1132 1183 ’

183 1271 276 1350 Non,
293 1292 370 1335 cum
386 1257 592 1336 Memnoniis
608 1271 780 1337 deducens
796 1272 932 1353 agmina
946 1266 1058 1352 regnis

140 1382 262 1468 Cyrus,
278 1387 312 1448 et
326 1382 442 1447 effusis
456 1367 632 1446 numerato
646 1383 752 1446 milite
767 1383 845 1446 telis
1149 1430 1153 1436 .
1176 1378 1242 1442 285

140 1493 328 1561 Descendit
342 1493 477 1570 Perses,
494 1493 699 1576 fraternique
714 1493 803 1557 ultor
819 1493 945 1557 amoris
1143 1494 1147 1501 '

139 1603 294 1687 AEquora
309 1625 387 1669 cum
400 1604 503 1668 tantis
518 1604 688 1688 percussit
702 1594 883 1683 elassibus,
898 1621 1004 1666 unum

139 1713 208 1778 Tot
222 1735 318 1796 reges
332 1714 479 1779 habuere
495 1714 627 1778 ducem.
644 1714 757 1778 coiere
771 1734 833 1778 nee
848 1732 999 1797 unquam

139 1822 227 1889 Tam
240 1826 345 1890 variae
362 1825 456 1889 cultu
470 1828 597 1906 gentes,
613 1828 683 1887 tam
698 1823 839 1887 dissona
852 1823 946 1904 vulgi

140 1933 222 1999 Ora.
238 1942 288 2000 tot
303 1937 477 2001 immensae
494 1936 636 2000 comites
652 1935 794 1999 mistura
807 1935 914 1999 ruinae
1064 1978 1067 1983 -
1101 1952 1106 1961 ’
1151 1931 1239 2016 „atu

84 2028 89 2033 .
140 2043 279 2111 Excivit
293 2049 454 2132 populos,
471 2051 505 2110 et
519 2046 639 2128 dignas
654 2045 770 2110 funere
786 2044 906 2126 Magni
1127 2040 1131 2046 ’

141 2218 189 2265 877
199 2226 290 2265 terrens.
389 2216 572 2266 277Meotidos.
670 2218 718 2264 879
726 2226 820 2280 negent.
917 2215 1091 2271 arsenicon,
1099 2215 1239 2263 Beroaldus.

237 2285 286 2329 880
297 2280 400 2338 Sidonio,
411 2281 539 2329 Essedones.
681 2285 730 2328 884
742 2281 851 2329 Mansa.
987 2283 1035 2330 286
1046 2278 1147 2328 Xerse..

334 2349 383 2394 887
392 2346 501 2393 cladibus.
640 2349 687 2396 887
699 2347 777 2393 imum.
915 2347 963 2393 890
973 2346 1076 2392 sensuro.

138 2484 202 2531 illam
212 2493 307 2547 partem,
316 2502 382 2547 quam
391 2485 454 2532 flexu
462 2483 570 2540 declinat,
579 2484 675 2546 amplio·
735 2488 790 2532 881,
808 2485 886 2542 Arios,
897 2483 940 2531 &e
954 2483 1054 2546 Geloni]
1071 2482 1136 2532 Asin
1145 2483 1236 2546 Scythi-

140 2564 188 2595 rern
199 2551 284 2596 reddit.
701 2566 734 2596 ese
746 2551 854 2612 popolus.

173 2615 228 2660 877.
247 2611 432 2676 Quoquefretnnr
444 2622 538 2670 torrem
554 2611 610 2676 dte]
623 2615 676 2671 Qua
733 2617 789 2663 888.
807 2613 928 2676 lmsgeooe
934 2611 1125 2676 somniatis]
1136 2614 1239 2674 Seytlrin

140 2678 273 2740 Bosphorus
285 2677 422 2725 Cimmerius
434 2677 519 2725 emittit
535 2679 608 2725 undas
617 2681 675 2726 Mre-
700 2679 779 2740 popul.
792 2678 830 2738 qui
846 2679 909 2724 sitim
925 2680 1052 2739 imamque
1068 2678 1170 2726 levante
1180 2686 1240 2741 poto

140 2741 211 2789 otidis
229 2742 320 2804 paludis
341 2741 365 2788 in
384 2743 500 2789 Euxinum
528 2759 598 2800 mare,
620 2743 675 2790 hino
701 2758 812 2803 equorum
825 2742 941 2803 sanguine.
959 2743 989 2790 de
1003 2743 1034 2789 iis
1046 2741 1240 2799 Claudianum&

141 2806 277 2868 Bosphorus
288 2806 431 2853 Thraciusin
439 2808 675 2867 Propontidem‚inde
700 2809 739 2868 qai
754 2807 880 2866 cornipedes
897 2809 922 2853 in
941 2807 1023 2868 pontis
1042 2808 1148 2854 vulneror
1162 2809 1240 2857 eudes

140 2869 308 2932 Hellespontus
318 2870 342 2916 in
352 2870 466 2931 AEgaeunr.
483 2873 520 2918 lta
528 2887 573 2918 non
584 2873 628 2919 sibi
638 2887 675 2918 so·
702 2871 843 2935 Massagetes.
862 2872 892 2917 de
908 2872 945 2918 his
956 2871 1041 2933 Virgil.
1061 2871 1092 2918 Er
1102 2872 1139 2919 loc
1148 2887 1239 2921 eonor*

139 2933 169 2980 lis
180 2935 250 2982 maris
260 2934 425 2981 Mediterranei
440 2935 535 2996 gloriam
552 2937 675 2983 vendicent
700 2944 749 2982 tum
759 2939 928 3000 consanguine
940 2944 1003 2997 potet
1017 2937 1103 2996 senine.
1115 2937 1237 2999 osores

140 2999 253 3046 columnae
265 2998 375 3044 Herculis
387 2999 416 3045 sd
432 3001 513 3046 fretum
529 3002 675 3057 Gaditanum,
734 3003 790 3047 884.
802 2999 924 3058 Nemeum
934 3000 1088 3064 Memnoniis]
1105 3001 1238 3063 emptione
1279 3000 1282 3006 ’

139 3077 183 3122 per
193 3078 249 3123 quas
257 3062 387 3109 immittitur
395 3064 502 3109 Oceanus
512 3065 674 3112 Occidentalis.
700 3071 770 3126 poeta
780 3065 906 3112 auxiliares
916 3066 995 3126 copias
1006 3065 1113 3127 Pompeii
1124 3082 1156 3114 ex
1167 3066 1239 3115 oolla·

142 3127 204 3173 Plin.
216 3129 256 3174 lib.
267 3129 291 3173 3.
302 3143 398 3186 prooem.
408 3127 481 3174 Solin.
493 3144 543 3190 cap.
563 3133 601 3176 88.
612 3130 676 3176 Mela
700 3131 764 3175 tione
775 3130 920 3176 exercituum
937 3129 1004 3191 Gyri,
1021 3130 1122 3186 Xerxis,
1139 3140 1163 3177 et
1173 3131 1237 3193 Aga·

139 3191 179 3238 lib.
193 3194 216 3237 1.
228 3208 279 3254 esp.
290 3193 314 3239 5.
700 3193 837 3251 memnonis,
857 3196 898 3241 sed
915 3195 1072 3255 hyperbolica.
1100 3195 1239 3244 Memnoniis

174 3257 230 3303 878.
248 3255 367 3303 Herculeis
386 3254 467 3317 metis]
487 3257 608 3314 Terminis,
636 3258 676 3318 qui
701 3258 811 3305 dedocens
825 3260 917 3322 agmina
929 3259 1004 3321 regnis
1022 3258 1116 3322 Cym]
1133 3260 1238 3309 Persicis

36 3331 41 3339 ‘
140 3320 266 3369 sunteiroa
279 3321 364 3368 Gades.
381 3320 502 3367 Terrarum
518 3322 584 3383 origo
594 3328 631 3369 est
645 3325 675 3369 ab
701 3329 726 3368 et
734 3321 839 3369 Susianis
855 3325 883 3369 ab
900 3323 998 3379 oriente,
1011 3324 1073 3371 unde
1090 3331 1115 3370 et
1126 3325 1237 3374 Menan

142 3399 225 3432 orcam
240 3385 303 3431 Solis
312 3391 336 3432 et
346 3384 460 3430 Gaditano
471 3387 539 3442 freto,
550 3387 591 3433 ubi
600 3388 675 3433 Ocea·
700 3386 793 3433 'l'itlroni
804 3395 828 3433 et
836 3387 933 3435 Aurorae
943 3387 1003 3434 tilius
1011 3388 1075 3434 venit
1082 3389 1138 3436 olirn
1146 3389 1236 3439 anxilio

140 3464 184 3495 nus
203 3465 245 3511 per
263 3450 348 3496 fretum
365 3448 508 3496 Herculeam
524 3450 548 3496 in
566 3451 675 3498 interiora
701 3450 796 3498 Priami.
805 3451 853 3497 Alii
862 3452 909 3512 leg.
922 3451 1031 3498 Menona.
1115 3505 1121 3517 ⁹

141 3513 214 3559 marin
222 3513 345 3574 irrumpit3
362 3529 413 3574 quse
421 3515 483 3574 quod
492 3515 551 3561 duos
561 3517 630 3562 orbes
640 3515 675 3561 di·
733 3517 789 3564 885.
808 3513 892 3579 Effinis
905 3515 1041 3578 nummata]
1066 3516 1172 3578 Singulis
1190 3519 1237 3566 sin-

140 3576 230 3632 ridant,
238 3579 399 3625 nreditennneo
407 3577 563 3638 appellantur:
580 3579 675 3626 intranti
701 3579 766 3639 gulas
784 3579 876 3626 mittere
892 3581 965 3640 jussis
982 3581 1087 3642 sagittas,
1106 3582 1237 3632 exercitu

140 3641 171 3686 ad
191 3642 295 3688 (lernam
314 3642 392 3688 Africa
411 3648 454 3698 est,
471 3642 553 3690 iseram
572 3646 675 3705 Europa.
700 3645 835 3690 numeravit.
853 3644 1005 3692 Herodoti.
1163 3650 1166 3655 ’

142 3705 218 3752 Poeta
225 3721 281 3768 ergo
290 3707 333 3753 hoe
341 3707 392 3752 loco
400 3707 475 3753 voluit
483 3707 620 3766 significare,
629 3723 677 3754 ma·
734 3710 789 3754 886.
808 3706 926 3756 Descendit
944 3707 1041 3770 Persea]
1058 3709 1142 3756 onnia
1157 3711 1237 3773 legere·

140 3768 675 3827 riaomniainterioraaPontoEurinonasei,
700 3772 755 3818 dum
770 3772 854 3820 Xerses
870 3789 923 3820 cura
944 3775 1002 3820 Mes.
1019 3773 1078 3820 'l'res
1092 3775 1153 3821 enirn
1165 3776 1238 3825 duces

140 3849 186 3886 non
198 3833 280 3880 afreto
289 3835 416 3893 Gaditan03
430 3835 484 3881 inde
495 3837 594 3884 Herculi
604 3837 676 3896 glori-
701 3837 809 3892 nominat,
821 3838 915 3898 Cyrum,
926 3838 1041 3895 Xerxem,

142 3913 178 3944 arn
201 3897 292 3954 auferri,
313 3900 374 3958 quod
395 3899 446 3960 ipse
467 3899 578 3947 motione
595 3901 676 3947 horum
701 3899 801 3947 Gratias.
810 3900 906 3963 Persea]
917 3903 1012 3950 Xerxes
1021 3918 1065 3949 rex
1074 3904 1168 3950 Persia.
1178 3903 1237 3952 Fra·

142 3961 261 4018 montium,
270 3963 326 4009 nilril
338 3964 418 4009 lecerit
435 3964 465 4009 ad
476 3966 593 4011 Oceanum
604 3965 675 4012 intro·
700 3964 818 4027 terniqna]
830 3966 986 4027 Agamemm
996 3967 1086 4013 ulturus
1094 3967 1174 4016 fratris
1184 3971 1236 4017 Me·

142 4027 281 4073 ducendum.
294 4026 400 4074 Hortens.
412 4026 513 4074 Beroald.
700 4029 759 4075 nelai
769 4045 865 4077 uxorem
876 4046 890 4076 a
901 4031 985 4078 Paride
995 4038 1091 4093 raptam.

175 4094 231 4140 880.
244 4090 347 4151 Sitlrmrie
354 4100 437 4154 gentes,
446 4091 502 4154 dre]
509 4093 611 4152 Scythia
619 4108 675 4153 gen·
733 4096 788 4142 888.
801 4093 907 4157 Ducem]
924 4097 1098 4155 Imperatorem,
1109 4112 1188 4158 regern
1196 4114 1236 4146 re-

141 4155 308 4212 leaetinlris,
327 4156 494 4216 gensnnocula
503 4156 675 4217 Arimaspi5ac·
701 4157 944 4220 gumAganremnona.
970 4192 973 4197 -
1158 4190 1161 4195 ‹

141 4219 199 4266 eolae
209 4220 274 4268 fluvii
283 4219 426 4282 cognominis
434 4221 533 4278 auditui,
543 4226 567 4267 et
581 4221 627 4282 ipsi
636 4238 674 4268 co
734 4225 789 4271 890.
808 4221 848 4269 Tot
856 4224 964 4271 increase
973 4222 1077 4286 emittm]
1094 4226 1128 4271 Ut
1143 4223 1237 4273 Prisrno

132 4300 190 4348 ¹nias
202 4285 291 4332 euroin
301 4284 388 4332 nodum
404 4284 520 4347 colligare
537 4292 564 4333 ut
579 4285 619 4348 qui
636 4302 680 4332 aa*
699 4287 791 4346 'l'rojam
799 4301 888 4349 rogum,
897 4288 930 4334 ita
939 4288 1053 4349 Pompeio
1065 4288 1138 4337 victas
1149 4290 1182 4336 ab
1193 4288 1238 4338 illo

142 4347 445 4412 mmexareniseolligsnt.
699 4359 780 4412 genna
787 4352 1238 4415 Fortunsdeditexeqsissatedisso-
