2784 4860
161 332 183 396 6
285 368 289 380 =
443 331 988 403 M.ANNAE1LUCAN1

164 501 270 582 Quod
283 504 314 566 si
328 522 397 568 non
411 502 515 569 aliam
529 509 669 569 venturo
685 506 758 571 fata
773 505 904 572 Neroni

162 613 325 678 Invenere
346 614 449 690 viam,
472 634 662 698 magnoque
678 620 805 681 aetema
818 621 979 701 parantur

160 721 283 805 Regna
297 725 382 800 deis,
406 725 598 808 coelumque
618 747 680 791 suo
697 728 821 792 servire
836 728 985 794 Tonanti

160 832 243 897 Non
258 835 318 898 sisi
338 855 505 899 saevorum
520 838 632 919 potuit
645 843 725 920 post
739 839 831 901 bella
845 840 1035 921 gigantum:

158 943 240 1009 Jam
253 945 337 1008 nihil
353 965 374 1008 o
390 945 513 1029 Superi
533 948 722 1030 querimur:
746 949 877 1013 scelera
891 950 980 1032 ipsa,
1004 947 1168 1033 nefasque

110 1142 113 1146 ι
160 1055 239 1119 Hac
255 1057 409 1121 mercede
425 1058 579 1140 placent:
604 1059 695 1122 diros
712 1059 892 1124 Pharsalia
907 1077 1049 1142 campos

149 1165 324 1247 ,Impleatz
348 1171 382 1230 et
396 1166 498 1231 Poeni
514 1173 703 1232 satrnentur
725 1171 888 1251 sangnine
909 1189 1048 1234 manes:
1099 1199 1122 1225 r

127 1326 129 1329 -
158 1275 287 1340 Ultima
300 1275 436 1340 funesta
451 1284 652 1342 concurrant
675 1281 799 1361 proelia
817 1280 960 1344 Munda.
980 1321 982 1326 ,

158 1385 238 1462 His,
255 1384 383 1461 Caesar,
399 1386 566 1450 Perusina
579 1387 700 1463 fames,
717 1387 929 1472 Mutinaeque
944 1391 1080 1455 labores

155 1494 335 1561 Accedant
347 1496 444 1560 fatis:
467 1502 511 1573 et,
529 1517 614 1580 quas
630 1499 751 1580 premit
766 1518 899 1582 aspera,
917 1500 1059 1577 classes
1135 1512 1140 1518 ’
1209 1527 1214 1535 „

155 1607 310 1672 Leucas:
334 1612 368 1671 et
382 1608 511 1672 ardenti
527 1609 664 1672 servilia
677 1610 770 1673 bella
785 1610 848 1673 sub
864 1610 980 1674 AEtna.

155 1715 303 1780 Multum
318 1717 431 1781 Roma
445 1723 559 1783 tamen
579 1719 680 1783 debet
699 1720 858 1784 civilibus
876 1722 989 1796 armis,

154 1826 257 1907 Quod
272 1829 334 1892 tibi
347 1848 402 1897 res
418 1834 496 1892 acta
510 1834 572 1905 est.
617 1830 680 1906 Te,
696 1850 773 1894 cum
789 1832 934 1896 statione
949 1836 1090 1915 peracta
1214 1833 1260 1898 45

420 1942 453 1991 35
469 1941 521 1988 diis.
649 1943 682 1988 37
697 1943 748 1988 ista.
878 1945 912 1989 44
928 1942 1000 1990 deber.

185 2031 227 2079 33.
243 2029 311 2082 Quod
331 2029 351 2076 si
368 2045 414 2075 aon
432 2028 521 2090 ulium]
551 2033 637 2090 Aperta
657 2032 686 2077 ad
710 2030 762 2076 nius
779 2031 920 2091 confugerat,
937 2033 1109 2093 Augustusper
1123 2030 1207 2077 fsrnern
1223 2029 1247 2078 in

71 2112 76 2122 ⁸
151 2094 284 2154 Principem
303 2094 465 2147 assentatione,
483 2110 536 2139 cnm
554 2095 686 2152 suspicione
710 2094 852 2142 deditionem
862 2096 982 2156 compulit.
1008 2094 1248 2156 Mmiaaequelabores,

150 2159 246 2211 noue,
257 2160 369 2218 approbat
379 2158 468 2204 cladem
482 2158 537 2204 belli
553 2158 638 2214 civilis,
655 2175 685 2206 ex
711 2159 769 2220 &c.]
809 2161 921 2206 Antonius
944 2161 974 2205 D.
995 2162 1090 2206 Brutum
1111 2161 1134 2205 in
1156 2159 1254 2211 Mutina,

151 2239 198 2284 qua
213 2238 319 2282 magnum
339 2223 457 2282 praemium
480 2228 504 2268 ot
522 2222 628 2269 solatiam
650 2231 686 2270 est
710 2225 767 2269 urbe
785 2223 910 2282 cisalpinae
933 2225 1016 2270 Gallia·
1036 2224 1137 2278 obsedit,
1154 2223 1177 2269 in
1200 2239 1246 2283 quo

152 2294 268 2340 exortum,
284 2286 396 2333 videlicet
413 2286 514 2332 Neronis
534 2287 592 2332 felix
613 2287 686 2348 impe·
710 2287 830 2334 obsidione
848 2288 947 2334 larundo
967 2296 1063 2349 uterque
1085 2288 1171 2334 Consul
1188 2288 1246 2334 Hir·

66 2364 74 2379 ¹
105 2399 108 2407 ,
151 2352 225 2409 τίιιω;
247 2351 285 2396 cul
302 2351 331 2396 ad
348 2351 372 2396 id
391 2351 466 2396 editus
486 2366 531 2396 non
548 2351 684 2409 patuissent,
710 2351 1019 2400 ciusetPansacaesusest.
1036 2354 1245 2413 quemtamenAu·

151 2416 197 2462 nisi
212 2416 277 2475 prins
289 2420 352 2460 tanta
362 2416 426 2461 caede
436 2415 539 2474 respubl.
550 2415 633 2467 luisset
644 2431 685 2476 op-
710 2422 791 2475 gustus
802 2417 922 2463 obsidione
935 2416 1051 2463 liberarit.

150 2479 576 2541 pressa,etacaesaribusoccupata:
609 2482 685 2540 Argu-
742 2479 1107 2542 43.Leecar‚&e.]1nsu1ain
1127 2478 1178 2525 sinn
1189 2481 1245 2525 Am·

150 2543 408 2603 mentaturquealovis
416 2543 530 2601 exemplo.
564 2543 683 2603 Sulpicius.
709 2544 796 2598 bracio,
816 2546 872 2591 item
891 2545 1070 2605 promontorium
1093 2543 1166 2603 Epiri,
1183 2542 1243 2590 inter

152 2607 220 2662 Quod
229 2609 249 2655 si
259 2623 305 2653 aon
314 2605 404 2667 aliam]
423 2608 554 2653 assentatio
564 2623 632 2667 quam
643 2609 685 2655 vix
709 2610 771 2666 quod
790 2616 814 2655 et
827 2608 929 2662 Actium,
946 2608 1058 2655 Octavius
1075 2607 1199 2654 Antonium
1219 2613 1245 2655 et

148 2673 297 2720 excusaverit
311 2671 394 2717 lronia.
709 2671 855 2732 Cleopatram
864 2673 941 2718 navali
951 2671 1075 2718 certamine
1092 2672 1157 2717 vicit.
1190 2670 1243 2717 Ser·

181 2740 222 2787 34.
240 2736 370 2798 Magnoque
376 2735 598 2797 attemperantur]
611 2738 683 2797 quue
708 2736 763 2781 vilia
774 2736 832 2782 bella
842 2737 883 2783 sab
895 2735 987 2796 AEtrra]
1012 2741 1066 2782 Non
1082 2735 1167 2782 servile
1183 2735 1243 2782 illud

147 2803 215 2853 lovis
227 2802 342 2861 exemplo,
359 2803 388 2847 ad
404 2816 473 2861 quem
489 2800 589 2847 devictis
604 2801 683 2862 gigan·
707 2800 793 2846 bellum
813 2817 826 2847 a
844 2803 903 2862 Syro
924 2803 991 2847 Enno
1012 2801 1036 2846 in
1057 2799 1138 2846 Sicilia
1154 2806 1243 2846 motum

148 2867 211 2914 tibus
220 2867 307 2912 firmius
316 2865 369 2912 coeli
378 2866 583 2924 devenitregnum.
617 2865 683 2928 Mug-
707 2866 736 2910 ,4.
749 2867 780 2912 U.
794 2880 909 2911 ncxvrrr.
926 2866 987 2926 quod
1007 2865 1105 2910 nihilad
1122 2878 1171 2911 rem
1182 2878 1242 2922 prte-

147 2945 178 2979 ste
193 2929 326 2992 parantum]
344 2931 429 2990 Magno
441 2929 517 2989 pretio
527 2929 682 2988 acquiruntur.
707 2935 803 2976 sentem.
820 2945 900 2975 verum
916 2928 1020 2987 intellige
1030 2930 1111 2976 navale
1121 2927 1209 2974 bellum
1218 2929 1241 2976 in

182 2998 223 3044 35.
241 2991 681 3056 celumquesuoservireTorrurrti,&c.]
707 2993 785 3039 Siculo
807 2994 872 3048 mari,
897 2994 926 3040 ad
945 2994 1006 3053 qnod
1028 2993 1083 3039 Sex.
1116 2991 1251 3054 Pompeius-

148 3061 252 3108 Scelesta
263 3066 287 3106 et
296 3059 383 3105 nefaria
392 3058 454 3104 bella
469 3057 555 3112 civilia,
566 3073 617 3117 quae
626 3075 681 3105 mox
706 3057 862 3117 concitaverat
878 3064 1050 3117 armaveratque
1061 3057 1177 3117 ergastula
1186 3073 1242 3104 eorr-

146 3131 261 3172 reoenset.
705 3126 741 3168 tra
761 3124 900 3184 Angustum,
917 3139 930 3169 a
951 3137 996 3182 quo
1017 3123 1103 3168 Sextus
1124 3121 1201 3168 victus
1216 3121 1241 3168 in

181 3193 221 3238 38.
244 3187 297 3234 Hae
318 3187 427 3239 mercede,
454 3185 511 3247 &c.]
540 3187 609 3246 Quod
627 3187 680 3233 lrino
707 3186 785 3232 Asiam
795 3187 906 3247 profugit.

146 3253 236 3301 Neroni
247 3255 276 3299 ad
287 3251 412 3311 lmperinm
424 3252 490 3296 Rom.
507 3252 582 3311 patuit
594 3252 679 3297 aditus.
738 3254 778 3296 44.
797 3251 899 3321 Multum
919 3249 1008 3311 Romu]
1029 3252 1087 3297 Post
1105 3249 1181 3296 varias
1200 3265 1239 3297 nr-

146 3318 269 3366 Pharsalia
284 3314 391 3376 scrupos]
415 3317 452 3361 De
468 3315 680 3375 campisPharsali-
704 3313 768 3361 bium
790 3317 869 3362 clades
891 3323 915 3362 et
935 3315 1076 3362 calamitates
1097 3314 1239 3373 recensitas3

145 3383 180 3430 eis
201 3396 278 3443 supra.
295 3381 318 3426 in
340 3380 376 3425 his
394 3381 549 3440 depugnatum
566 3386 603 3426 est
619 3380 680 3426 inter
704 3394 747 3438 per
757 3381 924 3427 correctionem
933 3380 1032 3438 aliquam
1049 3378 1167 3424 felicitatis
1185 3394 1239 3438 par·

144 3447 281 3507 Pompeium
299 3452 323 3492 et
334 3446 457 3498 Gaeserem,
473 3445 600 3490 moxinter
609 3447 679 3491 Octa-
704 3449 751 3489 tem
769 3444 873 3492 vicissim
892 3444 999 3504 opponit;
1016 3443 1085 3503 idque
1102 3442 1125 3487 in
1141 3443 1238 3503 gratiam

143 3512 208 3559 vium
218 3502 395 3570 Antoniumque,
407 3516 431 3556 ot
440 3511 501 3557 Cres.
512 3525 678 3570 percussores3
704 3509 813 3563 Neronis,
832 3509 930 3555 bominis
951 3506 1133 3560 sceleratissimi}
1157 3523 1171 3553 a
1191 3523 1239 3568 quo

145 3578 187 3624 sed
198 3576 253 3624 ride
263 3576 321 3621 infra
330 3591 367 3622 rs.
379 3577 435 3622 687.
703 3573 769 3618 malae
787 3573 866 3634 gratiae
883 3579 965 3633 postea
981 3573 1073 3619 fuerunt
1090 3570 1174 3620 habitae
1189 3573 1241 3618 Ln-

178 3645 219 3690 39.
236 3639 268 3686 Et
290 3638 355 3685 Pani
373 3645 514 3693 saturentur,
538 3637 596 3699 &c.]
621 3639 677 3684 San·
704 3653 768 3685 cano.
802 3635 909 3683 Hortens.
931 3635 1002 3682 Roma
1022 3634 1106 3696 deba]
1119 3635 1193 3691 ΚΝοιι,
1210 3642 1237 3682 nt

143 3705 212 3766 guine
232 3711 312 3750 nostro
332 3704 425 3749 inferias
445 3703 569 3750 referamus
590 3703 677 3749 umbris
703 3708 763 3756 ante,
780 3701 853 3748 debes.
887 3704 929 3748 Est
939 3700 998 3747 enirn
1015 3701 1045 3746 ad
1056 3701 1181 3754 Neronem,
1192 3715 1237 3747 non

142 3768 365 3830 Carthaginensium,
381 3767 421 3827 qni
441 3767 509 3814 bellis
530 3767 624 3813 Punicis
642 3767 677 3813 in·
703 3767 732 3812 ad
744 3768 840 3812 Romam
850 3766 997 3827 apostrophe.
1031 3763 1133 3811 Grotius.

141 3835 260 3882 terierunt.
734 3834 774 3880 45.
793 3830 860 3883 Quod
878 3831 921 3877 tibi
938 3844 983 3884 res,
994 3827 1052 3890 &c.]
1070 3827 1166 3889 Duplex
1181 3827 1237 3876 lrino

176 3902 217 3945 40.
237 3897 430 3962 Ultimafurresta,
441 3894 499 3956 &c.]
517 3896 554 3941 Ad
565 3896 676 3941 Mundam
700 3895 758 3941 milri
774 3897 867 3942 ridetur
883 3894 996 3942 sententia
1010 3894 1065 3940 duci
1080 3908 1165 3952 posse:
1183 3909 1236 3948 nna,

143 3963 265 4024 Hispaniae
281 3964 370 4016 urbem,
388 3960 492 4020 Pompeii
502 3960 568 4006 libori
588 3961 676 4007 devicti
701 3959 780 4007 civilia
790 3977 852 4007 arma
861 3961 898 4006 vel
914 3976 941 4006 eo
953 3959 1043 4005 nomine
1055 3956 1155 4017 lrnperio
1166 3959 1236 4005 Rom.

143 4035 204 4082 sunt,
221 4029 264 4073 Cn.
281 4042 364 4080 caesus,
388 4028 474 4072 Sextus
489 4025 545 4084 fuga
558 4024 674 4084 elapsus:
701 4024 767 4070 utilia
785 4027 867 4079 fnisse,
894 4024 956 4084 qnod
977 4025 1020 4069 sub
1039 4025 1143 4068 umbram
1167 4021 1236 4068 nnius

141 4092 334 4155 Pompeianorum
355 4106 416 4137 caesa
436 4093 476 4137 50.
500 4104 528 4134 rs.
550 4090 629 4135 Caesar
649 4098 675 4136 ut
700 4090 812 4150 principis
827 4089 954 4135 monarchae
970 4088 1089 4134 redactum
1106 4093 1185 4132 esset:
1203 4085 1236 4134 al·

140 4156 218 4203 riotos
229 4157 354 4210 obsideret,
367 4171 380 4202 e
391 4154 508 4216 congestis
523 4154 674 4201 cadaveribus
700 4161 757 4207 tera,
775 4156 836 4214 quod
846 4153 915 4199 bellis
926 4152 1034 4198 civilibus
1046 4154 1120 4198 Roma
1126 4153 1175 4211 jam
1193 4151 1236 4198 de·

140 4235 248 4283 aggerem
260 4220 354 4267 struxit.
699 4219 777 4265 functa
787 4225 857 4272 esset,
872 4234 915 4264 nec
926 4217 1048 4263 metuenda
1064 4216 1171 4276 amplius,
1186 4216 1235 4263 Ns·

174 4289 216 4332 41.
238 4284 290 4340 His,
313 4282 408 4344 Gerae]
435 4282 527 4329 Avertit
549 4280 674 4328 orationem
699 4298 755 4330 rone
773 4288 891 4343 regnante.
924 4280 1032 4328 Horteas.
1054 4279 1113 4328 Grsm
1129 4281 1235 4335 ammae,

140 4348 431 4410 staesa'remNeronem.
464 4345 673 4410 Perasiaofemes]
700 4346 758 4408 &c.]
775 4350 889 4395 Emensus
899 4345 954 4395 ritae
970 4344 1119 4410 spatiumst
1136 4344 1236 4407 imperio

140 4413 261 4464 Perusiam
270 4413 379 4465 'l'lruseiae
393 4416 483 4469 urbem,
498 4427 545 4473 qao
562 4412 592 4461 1..
602 4413 674 4460 Anto-
699 4412 799 4460 feliciter
809 4413 910 4487 functus.
