2784 4860
138 322 205 397 260
399 311 473 381 .Μ.
516 310 720 380 ANNAEI
741 360 745 369 -
764 306 989 380 LUCANI
1026 320 1033 353 ³

144 492 232 559 Cum
245 509 348 574 super
362 508 382 553 e
396 487 478 554 totis
493 488 606 554 emisit
621 489 767 554 collibus
790 492 922 571 agmen,

145 602 342 685 Effuditque
358 601 452 665 acies
467 604 648 685 obseptum
662 600 810 683 Magnus
833 600 868 663 in
882 598 1026 665 hostem.

147 714 293 780 Nonsic
307 713 453 777 AEtnaeis
467 712 626 777 habitans
641 713 676 776 in
690 711 838 776 vallibus
857 709 971 776 horret
1121 706 1124 711 ’
1224 706 1228 713 ’

145 824 358 891 Enceladum
372 825 522 908 spirante
538 823 645 899 Noto,
661 843 739 886 cum
753 827 826 885 tota
841 839 1006 886 cavernas

146 935 274 1020 Egerit,
290 942 323 999 ct
343 945 472 1000 torrens
487 936 522 997 in
538 953 680 1018 campos
695 931 947 996 defluitAEtna:
1024 930 1027 935 '
1186 926 1255 995 Q

147 1045 297 1112 caesaris
319 1053 357 1110 ut
371 1047 469 1108 miles
485 1047 669 1126 glomerato
681 1041 820 1128 pulvere
836 1043 948 1105 victus

57 1232 62 1255 Ι
146 1154 237 1223 Ante
249 1157 370 1232 aciem,
387 1156 473 1220 caeoi
494 1150 645 1237 trepidus
667 1156 731 1217 sub
745 1155 835 1217 nube
850 1152 982 1216 timoris

148 1250 319 1333 Hostibus
333 1264 480 1331 occurrit
494 1264 639 1348 fugiens
652 1265 755 1347 inque
766 1264 846 1348 ipse
855 1261 1014 1346 parendo

146 1376 238 1444 Fata
248 1380 325 1442 ruit.
337 1385 429 1442 totus
443 1377 530 1441 mue
542 1376 701 1451 civilibus
717 1350 820 1441 armti
920 1418 924 1426 .

149 1488 269 1573 Usque
280 1491 516 1573 velinpaoem
530 1489 642 1572 potuit
656 1508 773 1554 cruor:
796 1488 873 1572 ipse
887 1485 1051 1552 furenteis
1095 1489 1098 1494 ’
1181 1480 1256 1555 Mil

150 1599 234 1666 Dux
248 1601 356 1665 tenuit
366 1600 511 1682 gladios.
534 1600 630 1678 felix,
646 1620 688 1666 ac
703 1601 812 1664 libere
825 1600 939 1682 legum

152 1707 267 1776 Roma
280 1712 382 1788 sorec,
402 1712 558 1796 jurisque
573 1712 634 1790 tui,
649 1712 791 1777 vicisset
805 1712 840 1775 in
855 1712 915 1776 illo

151 1821 191 1888 Si
205 1824 268 1887 tibi
281 1824 376 1907 Sylla
387 1824 476 1888 loco.
501 1824 594 1889 dolet
607 1824 685 1901 heu,
701 1821 901 1908 semperque
917 1821 1058 1898 dolebit,

74 2013 78 2021 ἡ
146 1931 257 2012 'Quod
275 1936 441 2000 scelerum
459 1927 577 2000 Caesar
594 1936 735 2020 prodest
753 1936 816 1999 tibi
834 1954 967 1999 summa
983 1926 1119 1998 tuorum

134 2040 240 2110 'Cum
252 2065 375 2128 genero
387 2067 558 2131 pugnasse
573 2048 667 2131 pioh.
713 2042 805 2110 Proh
817 2037 1023 2111 tristia'fata!
1189 2042 1259 2111 8⁰6

201 2218 365 2265 291imms'sit.
431 2220 476 2265 291
496 2233 566 2264 amno.
634 2220 681 2268 292
698 2219 811 2266 obsessum.
879 2221 928 2270 294
945 2216 1098 2279 Erweirdosp.
1111 2213 1207 2267 Notum.

153 2283 205 2331 294
219 2283 318 2337 sictuto,
334 2297 387 2328 cum
398 2289 457 2339 tota,
468 2291 592 2330 eumsuoto.
734 2286 783 2332 297
799 2291 869 2331 nome.
1008 2280 1257 2334 assuetissimum
1283 2306 1284 2309 ¹

308 2349 355 2394 3⁰1
372 2347 455 2393 timuit.
554 2349 601 2395 301
618 2356 648 2394 et.
744 2351 794 2399 304
809 2350 888 2396 victor.
986 2349 1034 2398 305
1050 2362 1098 2394 srw.

1282 2452 1293 2475 Ι

123 2510 126 2520 =
153 2498 179 2531 ss
210 2498 279 2546 posse
308 2498 411 2546 sperans,
438 2486 545 2539 cohortes
570 2484 693 2533 XXXIII
721 2485 787 2531 Totus
799 2487 858 2532 mitti
871 2486 980 2541 cicilie-ru,
997 2483 1054 2546 &o.]
1071 2488 1150 2545 Atque
1166 2482 1205 2531 hio
1216 2484 1260 2533 (is-

153 2563 222 2610 qunm
238 2551 315 2612 potuit
325 2549 482 2597 occultissime
492 2550 602 2606 duxit,et
618 2550 692 2596 muni·
719 2550 827 2596 bellatum
840 2551 920 2596 luisset
931 2550 1000 2596 civile
1014 2550 1099 2596 bellum
1111 2562 1258 2610 magnacum

152 2613 231 2669 fiores
252 2622 388 2669 castrorum,
404 2614 496 2661 tametsi
515 2621 580 2661 erant
596 2629 692 2674 maguae,
719 2614 899 2661 Caesurianorum
915 2615 994 2673 oaed03
1010 2615 1056 2662 uisi
1075 2613 1203 2676 Pompeius
1220 2612 1259 2665 vei

153 2693 287 2740 eggressus,
309 2678 463 2741 Pompeianos
482 2694 514 2726 ex
533 2679 595 2726 vallo
616 2680 694 2726 detur·
719 2679 764 2725 fato
782 2679 821 2727 vel
837 2685 897 2726 metu
917 2694 971 2725 suos
989 2679 1139 2738 repressisset
1156 2692 1259 2739 sparse-

153 2743 228 2791 bavit.
270 2743 398 2807 Pompeius
417 2759 443 2790 re
463 2743 571 2790 nunciata
590 2743 693 2804 quintam
719 2746 810 2803 quondo
823 2744 909 2790 hostes.
943 2743 1010 2790 Adeo
1018 2750 1045 2790 ut
1056 2743 1105 2797 siris
1115 2743 1196 2790 smicis
1205 2743 1259 2805 ipss

153 2802 271 2870 legionem
279 2808 384 2858 subsidio
393 2808 442 2854 suis
451 2808 526 2854 duxit.
543 2807 578 2854 ibi
595 2809 693 2856 Caesaris
719 2808 796 2854 Caesar
807 2809 910 2857 dixerit:
935 2807 1005 2855 Penes
1024 2807 1091 2855 leues
1107 2806 1260 2873 leodwinus

155 2873 281 2935 equitatus,
302 2874 407 2933 receptui
429 2888 470 2919 suo
489 2873 580 2930 timens,
602 2873 693 2919 initium
719 2874 818 2929 victorio,
833 2875 852 2921 si
866 2874 946 2920 ducem
963 2873 1052 2920 uincere
1066 2873 1172 2920 scientem
1189 2872 1260 2923 huit·

155 2937 694 2998 lugoesaciebat.colrortescumexvalloPorn-
717 2939 792 2984 issent.
1134 2982 1137 2987 .

156 3000 235 3062 poium
255 3001 336 3048 edesse
353 3011 378 3049 et
388 3006 447 3049 ‘suos
470 3005 550 3064 fugere
568 3010 695 3058 cernerent,
751 3005 807 3049 300.
826 3001 1057 3068 lpsefurentes,&e.]
1073 3000 1197 3062 Pompeius
1204 3015 1260 3051 eon·

156 3082 188 3113 ns
207 3067 316 3127 utrinque
338 3068 366 3113 ab
392 3069 459 3115 hoste
480 3067 694 3126 intercluderentur,
719 3068 789 3113 tinuit
806 3084 860 3115 suos
882 3068 907 3114 in
927 3068 1020 3116 civilem
1040 3068 1127 3114 credem
1147 3066 1260 3124 tursum,

158 3131 243 3178 sesein
255 3132 328 3178 fossas
344 3133 399 3194 iuga
413 3133 597 3193 praecipitabant.
609 3133 695 3180 omnia·
720 3134 802 3192 Neque
819 3133 880 3180 enim
897 3133 931 3180 ita
940 3140 993 3195 apte
1004 3133 1033 3179 de
1050 3133 1143 3179 Caesare
1158 3130 1261 3197 intelligi

158 3212 205 3261 que
212 3203 277 3243 erant
285 3197 404 3255 turnultus,
414 3197 513 3250 timoris,
530 3197 591 3258 ingre
602 3199 677 3264 plena.
687 3217 689 3221 ⁴
719 3203 799 3258 potest
815 3199 853 3260 qui
863 3215 877 3246 a
886 3199 934 3246 suis
944 3213 1018 3260 neque
1032 3197 1177 3252 auctoritate,
1186 3212 1262 3260 neque

191 3264 248 3310 293.
269 3261 318 3308 Νοιι
328 3264 359 3308 sic
369 3262 470 3318 AEtnaeis,
488 3261 544 3326 δια]
562 3255 696 3310 catinenses
720 3265 818 3318 hortatu,
835 3280 909 3324 neque
919 3263 996 3321 ruinis,
1013 3277 1087 3324 usque
1099 3261 1260 3324 precibusin-

127 3360 128 3363 =
158 3331 228 3387 atque
239 3327 324 3374 accolae
335 3328 411 3374 AEtnae
422 3327 507 3373 nonita
515 3328 696 3375 horrentincen·
721 3329 1120 3390 petrarepotuituicensimam..

158 3391 224 3438 (llum
233 3400 256 3439 et
265 3391 552 3450 flammasmontisAEtuoe,
569 3408 637 3453 quam
651 3395 696 3439 llu-
754 3394 809 3439 301.
829 3392 911 3440 Libera
922 3393 1015 3458 legum]
1034 3393 1071 3439 lu
1085 3390 1158 3439 Silius
1175 3391 1217 3440 lib-
1226 3394 1261 3448 ’2.

158 3456 240 3503 oelado
254 3458 342 3519 giganti
351 3458 446 3506 fulmine
457 3458 504 3504 icto
513 3457 618 3519 injectam
632 3458 696 3504 labo·
724 3456 748 3504 It
758 3457 811 3504 liber·
821 3459 894 3519 compi
901 3466 981 3519 postor.
1148 3476 1153 3487 ·

158 3520 244 3578 lentur,
266 3530 336 3570 vento
355 3524 415 3570 intre
435 3538 546 3569 cavernas
560 3524 658 3579 furente,
673 3530 698 3569 ut
756 3522 811 3568 3³2.
834 3521 923 3570 Vicisset
944 3525 969 3570 irs
992 3520 1263 3584 ilu‚&c‚]1nuitissst

158 3586 285 3634 Ueserisui
290 3589 338 3647 jam
348 3589 492 3649 trepidabant
501 3589 558 3635 victi
570 3587 697 3647 fugatique.
724 3587 820 3633 fortunae
836 3604 884 3634 suae
897 3596 920 3634 et
936 3586 1040 3634 victoriae
1052 3603 1059 3645 ;
1075 3586 1190 3648 fugientes
1200 3586 1263 3637 inss-

194 3653 250 3700 294.
267 3652 388 3710 Cuoerrms,
405 3651 461 3714 δια]
488 3653 591 3713 Lapides
610 3652 699 3713 ignitos
724 3658 792 3698 cutus
803 3653 889 3708 hostes,
900 3652 937 3698 vel
948 3651 1263 3711 adinterneoionemmos,

161 3721 187 3762 et
198 3715 279 3776 globos
291 3718 430 3764 flammarum
444 3724 534 3765 eructat
542 3717 566 3763 in
584 3717 699 3776 subjectos
725 3722 828 3776 utcunq3
844 3717 910 3763 cives
920 3716 1067 3773 debellasset,
1084 3716 1113 3762 Ρ.
1123 3716 1178 3762 Cor.
1189 3716 1262 3780 Sylla,

161 3795 264 3841 campos.
725 3781 808 3841 melius
819 3781 895 3833 sciens
903 3782 995 3829 vincere
1005 3796 1072 3842 qusm
1085 3781 1222 3844 Pompeius,
1230 3780 1264 3833 si·

194 3847 254 3905 297.
268 3844 328 3891 Ante
346 3847 434 3910 oeten]
458 3846 518 3892 Ante
535 3862 627 3892 manum
647 3861 700 3892 oum
724 3845 779 3892 cubi
789 3845 823 3892 illi
833 3845 971 3907 contigisset
984 3861 1026 3906 par
1038 3846 1144 3893 facultas.

160 3909 374 3965 hosteconsertum.
409 3908 699 3972 mesubnumeimeris]
758 3913 814 3958 304.
831 3910 944 3959 Scelerum
955 3910 1061 3973 summu]
1088 3909 1265 3971 Maximumin'·

161 3973 225 4032 Quia
241 3973 281 4036 qui
295 3974 376 4022 timent
386 3975 442 4036 quid
453 3977 499 4023 sint
507 3975 581 4024 acturi
590 3991 635 4023 non
646 3991 700 4036 pro·
724 3983 761 4024 ter
780 3975 867 4027 scelera
882 3985 930 4033 tua,
946 3976 1043 4029 scilicet.
1060 3977 1122 4036 quorl
1143 3974 1209 4039 pioni
1223 3990 1264 4041 gs·

161 4038 250 4088 vident.
268 4039 350 4099 Sulpit.
725 4057 804 4087 nerum
813 4040 991 4102 oppugnaretis.
1009 4040 1090 4102 Sulpst,
1191 4090 1195 4097 ,

187 4106 253 4164 298.
271 4102 700 4167 Imquegipsa,&c.]1nl'atum,dum
757 4108 813 4156 305.
834 4105 895 4168 Pu]
919 4108 977 4153 Tam
991 4106 1029 4167 pie
1050 4110 1159 4167 parcente
1177 4104 1265 4162 tibist

161 4168 262 4237 lugiunt,
277 4169 388 4215 incidunt.
725 4166 825 4218 civibus.
860 4170 920 4217 Prole
937 4172 1010 4218 tristia
1023 4176 1089 4234 juta,
1111 4169 1168 4233 δια]
1187 4170 1265 4239 Qun

169 4228 179 4241 ”
197 4237 257 4286 299.’
273 4233 340 4281 Totus
350 4235 419 4289 mitti,
428 4230 485 4294 δια]
498 4234 580 4281 Potuit
589 4232 627 4280 lric
637 4232 701 4282 tanta
724 4236 870 4284 occasionem
885 4236 929 4283 nisi
948 4237 1063 4285 omisisset
1080 4235 1137 4284 ills:
1161 4236 1217 4285 Non
1232 4236 1266 4285 ul

165 4299 206 4347 eti
215 4300 301 4357 clades,
316 4305 344 4347 ut
361 4299 498 4347 Caesarianis
516 4299 579 4347 nulla
588 4299 627 4347 vel
637 4315 700 4362 spes,
724 4301 817 4349 Uticam
832 4301 912 4348 Africa
928 4307 963 4349 tot
980 4300 1080 4350 vidisset
1100 4301 1178 4349 ceum
1193 4298 1266 4351 tute

164 4365 202 4413 vel
214 4379 283 4414 causa
291 4364 420 4416 rebellandi
429 4363 588 4430 superfuisset.
618 4363 699 4428 sulpit.
724 4365 796 4430 regis,
811 4364 937 4429 scipionis,
958 4365 1062 4424 Catonis,
1085 4364 1193 4431 labieni.
1216 4364 1265 4417 Pe.
