2784 4860
140 342 205 409 sto
436 334 938 403 -SUPPLEMENTUM
1042 378 1045 383 -

140 513 268 580 Virtuti
283 511 409 578 dudum
424 517 558 588 vestrae,
572 530 722 594 nuperve
737 512 891 577 subacta

142 623 348 689 Promittunt
362 628 490 705 gentes,
505 621 621 686 invitis
635 622 803 698 hostibus,
816 640 940 687 omnes

143 734 256 800 Invito
271 735 377 799 livore
393 734 498 797 dabit.
519 733 687 815 longeque
700 732 906 816 triumphum

144 843 313 929 Majorem
328 846 370 908 de
384 864 462 926 rege
476 842 570 907 Juba
583 843 770 908 victoribus
784 844 897 907 addet.
968 834 971 839 ’

144 954 221 1019 Nec
236 956 388 1019 dubitare
402 955 484 1018 mibi
505 954 559 1018 fas
574 959 646 1034 est;
668 954 822 1020 fallentia
833 970 1008 1036 nunquam

142 1063 258 1146 Signa,
272 1071 385 1129 truces
401 1065 522 1128 oculos
536 1065 649 1141 video,
665 1064 846 1147 vultusque
860 1065 1027 1128 minaces.

145 1174 305 1239 Victores
318 1176 456 1240 novisse
472 1194 566 1250 suos,
581 1174 768 1258 fragmenta
781 1175 888 1239 ruine

146 1285 328 1350 AEmathiae
345 1285 489 1349 discant.
513 1285 670 1350 Dixisset
683 1287 802 1369 plura3
823 1289 963 1369 repente

147 1396 233 1461 Cum
247 1398 320 1461 fera
334 1397 376 1460 de
392 1397 511 1461 dextro
526 1397 720 1461 cecinerunt
734 1396 883 1461 classica
896 1414 1015 1473 cornu,
1091 1408 1094 1413 ·
1151 1444 1160 1457 ,

147 1505 400 1590 Prosilientque
414 1512 503 1571 artes
517 1506 596 1592 (noc
611 1526 672 1571 eus
686 1505 1016 1571 remorsurum

68 1626 70 1630 ’
147 1617 351 1683 Centuriove
365 1617 496 1704 potest)
510 1619 555 1684 ad
569 1620 689 1702 praelia
703 1623 826 1702 sponte
840 1622 1000 1683 catervan

148 1726 230 1793 Non
243 1730 372 1794 inhibet
387 1728 515 1807 Caesar,
532 1731 593 1794 sed
607 1730 704 1795 laxat
717 1729 825 1793 fraena
838 1728 956 1792 furori.

150 1839 293 1904 Carcere
309 1840 359 1903 sic
374 1860 502 1923 pronus
514 1841 655 1904 nimium
669 1841 714 1905 ad
729 1839 915 1905 certamina
928 1856 1049 1903 currus

149 1949 235 2015 Cum
248 1949 334 2014 forte
350 1951 505 2034 erumpit,
520 1951 670 2035 lorisque
686 1952 803 2032 auriga
815 1949 954 2015 retentis

150 2059 289 2124 Frustra
302 2060 452 2124 inhibere
468 2062 592 2138 studet,
607 2062 744 2126 tandem
758 2062 818 2126 dat
831 2062 945 2127 rictus
958 2058 1130 2127 habenas

191 2170 344 2252 Utraque
354 2169 428 2254 jam
442 2175 536 2235 tanto
552 2177 754 2236 concurrunt
767 2172 903 2253 agmina
915 2174 1023 2248 motu,

151 2279 289 2360 Quanto
301 2278 348 2365 (si
363 2281 475 2363 longae
490 2279 617 2345 flexum
631 2286 752 2346 natura
766 2282 904 2347 Malaeae

151 2391 304 2455 Donaret
318 2389 448 2474 nautis)
462 2391 615 2455 adversis
629 2393 711 2456 bina
725 2393 855 2456 coirent

152 2501 306 2583 AEquora
322 2499 519 2581 gurgitibus.
542 2502 658 2584 pulsat
670 2503 783 2583 fragor
797 2501 935 2577 aethera,
949 2504 1087 2566 montes

151 2610 312 2692 Undique
326 2610 432 2673 vicini
447 2611 635 2692 excipiunt,
649 2616 876 2693 resonantque
889 2610 1041 2676 furentes

151 2720 367 2802 Pugnantum
382 2738 498 2783 voces.
521 2719 657 2783 Siculas
671 2719 699 2782 it
713 2722 841 2784 clamor
855 2720 901 2785 ad
915 2738 1006 2787 oras.

154 2831 325 2912 Huncque
340 2829 569 2912 repercutiunt
582 2828 739 2911 Lilybeia
754 2848 852 2906 saxa,
867 2831 1054 2916 timentque

153 2941 221 3006 Vel
236 2940 384 3004 sonitum
397 2939 480 3002 belli
494 2943 583 3001 terra
596 2940 737 3002 retinere
752 2941 878 3022 quieta.

151 3050 233 3116 Non
247 3052 295 3114 ita
310 3049 455 3133 pinifero
469 3049 601 3117 Boreas
617 3070 695 3114 cum
709 3050 877 3117 Thracius
892 3052 993 3119 Ossae

154 3161 325 3237 Incubuit,
341 3166 500 3223 resonant
514 3165 687 3243 quassatur
703 3162 834 3226 turbine
849 3163 966 3243 εὔνως

155 3272 327 3336 Murmure
342 3290 405 3332 nec
421 3269 645 3348 tantoNilus,
661 3291 739 3335 cum
753 3272 796 3335 de
812 3270 1003 3341 cranous

155 3381 356 3463 Praecipitat
371 3380 463 3444 duris
478 3380 588 3443 illisas
604 3383 762 3445 cautibus
775 3382 885 3447 undas
1019 3436 1022 3441 .

154 3491 259 3556 Astra
272 3493 405 3567 lavans,
422 3490 542 3554 surdas
557 3491 788 3556 habitantibus
802 3493 947 3559 obstruit
959 3512 1073 3561 aaran.

150 3600 329 3683 ‚Scipiadae
345 3601 456 3664 dulcis
468 3601 622 3665 stimulat
635 3601 787 3666 vindicta
800 3608 976 3671 catervas:

156 3710 334 3774 Caesareas
350 3712 467 3792 iugens
483 3711 605 3793 premit
618 3711 804 3793 indignatio
816 3718 972 3792 turmas,¹

156 3818 259 3898 Quod
274 3840 364 3884 nova
379 3820 540 3885 defuncto
555 3821 741 3887 succedant
755 3825 876 3907 proelia
890 3824 1041 3910 Magno:

155 3928 385 4011 Intentusque
400 3930 487 3994 alius
503 3932 636 3995 Ductor
651 3931 938 4001 civilibusurmis.

155 4038 326 4120 Sanguine
341 4046 533 4121 merguntur
547 4042 672 4124 campi,
687 4045 869 4128 vicinaque
888 4049 996 4114 multo

153 4150 279 4215 Tincta
292 4170 409 4214 cruore
424 4152 546 4234 palus;
570 4158 604 4216 et
618 4154 711 4236 quod
726 4160 777 4219 tot
790 4157 1086 4227 vulnerarubmm
1102 4214 1105 4219 .
1228 4220 1231 4225 .

157 4260 322 4328 Emittunt
335 4261 471 4341 flumen,
487 4263 683 4329 foecundam
697 4267 812 4350 putria
825 4273 922 4335 terroe
