<?xml version="1.0" encoding="UTF-8"?>
<!DOCTYPE html PUBLIC "-//W3C//DTD XHTML 1.0 Transitional//EN"
    "http://www.w3.org/TR/xhtml1/DTD/xhtml1-transitional.dtd">
<html xmlns="http://www.w3.org/1999/xhtml" xml:lang="en" lang="en">
 <head>
  <title>
</title>
<meta http-equiv="Content-Type" content="text/html;charset=utf-8" />
  <meta name='ocr-system' content='tesseract 3.04.00' />
  <meta name='ocr-capabilities' content='ocr_page ocr_carea ocr_par ocr_line ocrx_word'/>
</head>
<body>
  <div class='ocr_page' id='page_1' title='image "./mannaeuslucanus00grotgoog/mannaeuslucanus00grotgoog_0380.png"; bbox 0 0 2784 4860; ppageno 0'>
   <div class='ocr_carea' id='block_1_1' title="bbox 871 268 876 277">
    <p class='ocr_par' dir='ltr' id='par_1_1' title="bbox 871 268 876 277">
     <span class='ocr_line' id='line_1_1' title="bbox 871 268 876 277; baseline 0 0"><span class='ocrx_word' id='word_1_1' title='bbox 871 268 876 277; x_wconf 54' lang='lat' dir='ltr'>a</span> 
     </span>
    </p>
   </div>
   <div class='ocr_carea' id='block_1_2' title="bbox 323 327 1244 408">
    <p class='ocr_par' dir='ltr' id='par_1_2' title="bbox 323 327 1244 408">
     <span class='ocr_line' id='line_1_2' title="bbox 323 327 1244 408; baseline 0.01 -12"><span class='ocrx_word' id='word_1_2' title='bbox 323 327 544 398; x_wconf 86' lang='lat' dir='ltr'>CIVILIS</span> <span class='ocrx_word' id='word_1_3' title='bbox 589 329 1057 408; x_wconf 68' lang='lat' dir='ltr'>subhumatus</span> <span class='ocrx_word' id='word_1_4' title='bbox 1177 332 1244 405; x_wconf 74' lang='grc'>859</span> 
     </span>
    </p>
   </div>
   <div class='ocr_carea' id='block_1_3' title="bbox 85 504 1243 2044">
    <p class='ocr_par' dir='ltr' id='par_1_3' title="bbox 138 504 1243 818">
     <span class='ocr_line' id='line_1_3' title="bbox 138 504 1243 598; baseline 0.002 -27"><span class='ocrx_word' id='word_1_5' title='bbox 138 507 207 571; x_wconf 87' lang='lat' dir='ltr'>Tot</span> <span class='ocrx_word' id='word_1_6' title='bbox 222 504 351 569; x_wconf 90' lang='lat' dir='ltr'>meritis</span> <span class='ocrx_word' id='word_1_7' title='bbox 366 505 531 569; x_wconf 88' lang='lat' dir='ltr'>obstricta</span> <span class='ocrx_word' id='word_1_8' title='bbox 544 505 642 582; x_wconf 78' lang='lat' dir='ltr'>meiS,</span> <span class='ocrx_word' id='word_1_9' title='bbox 662 504 913 598; x_wconf 83' lang='lat' dir='ltr'>nuneParthia</span> <span class='ocrx_word' id='word_1_10' title='bbox 926 508 1039 591; x_wconf 87' lang='lat' dir='ltr'>ruptis</span> <span class='ocrx_word' id='word_1_11' title='bbox 1175 506 1243 573; x_wconf 73' lang='lat'>235</span> 
     </span>
     <span class='ocr_line' id='line_1_4' title="bbox 139 611 1159 703; baseline -0.002 -20"><span class='ocrx_word' id='word_1_12' title='bbox 139 618 297 683; x_wconf 86' lang='lat' dir='ltr'>Excedat</span> <span class='ocrx_word' id='word_1_13' title='bbox 312 619 470 682; x_wconf 80' lang='lat' dir='ltr'><strong>claustris</strong></span> <span class='ocrx_word' id='word_1_14' title='bbox 485 617 626 682; x_wconf 86' lang='lat' dir='ltr'>vetitam</span> <span class='ocrx_word' id='word_1_15' title='bbox 640 633 700 703; x_wconf 76' lang='lat' dir='ltr'>per</span> <span class='ocrx_word' id='word_1_16' title='bbox 723 617 842 682; x_wconf 89' lang='lat' dir='ltr'>secula</span> <span class='ocrx_word' id='word_1_17' title='bbox 859 618 982 701; x_wconf 85' lang='lat' dir='ltr'>ripam,</span> <span class='ocrx_word' id='word_1_18' title='bbox 1155 611 1159 616; x_wconf 77' lang='grc'><strong>’</strong></span> 
     </span>
     <span class='ocr_line' id='line_1_5' title="bbox 140 727 1054 818; baseline -0.002 -25"><span class='ocrx_word' id='word_1_19' title='bbox 140 729 360 810; x_wconf 84' lang='lat' dir='ltr'>Zeugmaque</span> <span class='ocrx_word' id='word_1_20' title='bbox 376 729 553 793; x_wconf 81' lang='lat' dir='ltr'>Pellaeum.</span> <span class='ocrx_word' id='word_1_21' title='bbox 578 727 756 810; x_wconf 77' lang='lat' dir='ltr'>,Pompeio</span> <span class='ocrx_word' id='word_1_22' title='bbox 771 728 898 818; x_wconf 89' lang='lat' dir='ltr'>vincite</span> <span class='ocrx_word' id='word_1_23' title='bbox 914 728 1054 809; x_wconf 91' lang='lat' dir='ltr'>Parthi;</span> 
     </span>
    </p>

    <p class='ocr_par' dir='ltr' id='par_1_4' title="bbox 139 837 1067 922">
     <span class='ocr_line' id='line_1_6' title="bbox 139 837 1067 922; baseline -0.004 -18"><span class='ocrx_word' id='word_1_24' title='bbox 139 837 244 904; x_wconf 82' lang='lat' dir='ltr'>Vinci</span> <span class='ocrx_word' id='word_1_25' title='bbox 261 840 375 905; x_wconf 89' lang='lat' dir='ltr'>Roma</span> <span class='ocrx_word' id='word_1_26' title='bbox 389 841 492 905; x_wconf 88' lang='lat' dir='ltr'>volet.</span> <span class='ocrx_word' id='word_1_27' title='bbox 514 860 628 922; x_wconf 88' lang='lat' dir='ltr'>regem</span> <span class='ocrx_word' id='word_1_28' title='bbox 647 858 766 922; x_wconf 90' lang='lat' dir='ltr'>parere</span> <span class='ocrx_word' id='word_1_29' title='bbox 781 838 916 922; x_wconf 87' lang='lat' dir='ltr'>jubenti</span> <span class='ocrx_word' id='word_1_30' title='bbox 1064 916 1067 922; x_wconf 15' lang='grc' dir='ltr'>ι</span> 
     </span>
    </p>

    <p class='ocr_par' dir='ltr' id='par_1_5' title="bbox 139 948 1008 1033">
     <span class='ocr_line' id='line_1_7' title="bbox 139 948 1008 1033; baseline -0.001 -20"><span class='ocrx_word' id='word_1_31' title='bbox 139 949 259 1013; x_wconf 88' lang='lat' dir='ltr'>Ardua</span> <span class='ocrx_word' id='word_1_32' title='bbox 274 971 342 1014; x_wconf 91' lang='lat' dir='ltr'>non</span> <span class='ocrx_word' id='word_1_33' title='bbox 358 951 478 1033; x_wconf 83' lang='lat' dir='ltr'>piguit,</span> <span class='ocrx_word' id='word_1_34' title='bbox 501 950 692 1032; x_wconf 89' lang='lat' dir='ltr'>positisque</span> <span class='ocrx_word' id='word_1_35' title='bbox 712 948 902 1030; x_wconf 85' lang='lat' dir='ltr'>insignibus</span> <span class='ocrx_word' id='word_1_36' title='bbox 919 948 1008 1012; x_wconf 79' lang='lat' dir='ltr'>aulae</span> 
     </span>
    </p>

    <p class='ocr_par' dir='ltr' id='par_1_6' title="bbox 140 1058 1241 1260">
     <span class='ocr_line' id='line_1_8' title="bbox 140 1058 1241 1143; baseline 0.002 -21"><span class='ocrx_word' id='word_1_37' title='bbox 140 1059 319 1142; x_wconf 87' lang='lat' dir='ltr'>Egreditur</span> <span class='ocrx_word' id='word_1_38' title='bbox 332 1061 451 1124; x_wconf 84' lang='lat' dir='ltr'>famuli</span> <span class='ocrx_word' id='word_1_39' title='bbox 465 1064 583 1143; x_wconf 90' lang='lat' dir='ltr'>raptos</span> <span class='ocrx_word' id='word_1_40' title='bbox 598 1059 736 1123; x_wconf 90' lang='lat' dir='ltr'>indutus</span> <span class='ocrx_word' id='word_1_41' title='bbox 752 1060 907 1131; x_wconf 80' lang='lat' dir='ltr'>amictae.</span> <span class='ocrx_word' id='word_1_42' title='bbox 1174 1058 1241 1125; x_wconf 71' lang='lat'>240</span> 
     </span>
     <span class='ocr_line' id='line_1_9' title="bbox 141 1168 1013 1260; baseline 0.003 -28"><span class='ocrx_word' id='word_1_43' title='bbox 141 1168 184 1233; x_wconf 90' lang='lat' dir='ltr'>ln</span> <span class='ocrx_word' id='word_1_44' title='bbox 199 1171 312 1233; x_wconf 89' lang='lat' dir='ltr'>dubiis</span> <span class='ocrx_word' id='word_1_45' title='bbox 327 1175 436 1260; x_wconf 89' lang='lat' dir='ltr'>tutum</span> <span class='ocrx_word' id='word_1_46' title='bbox 451 1174 504 1234; x_wconf 91' lang='lat' dir='ltr'>est</span> <span class='ocrx_word' id='word_1_47' title='bbox 518 1170 657 1259; x_wconf 85' lang='lat' dir='ltr'>inopem</span> <span class='ocrx_word' id='word_1_48' title='bbox 679 1171 837 1241; x_wconf 83' lang='lat' dir='ltr'>simulare</span> <span class='ocrx_word' id='word_1_49' title='bbox 858 1176 1013 1253; x_wconf 86' lang='lat' dir='ltr'>tyranno.</span> 
     </span>
    </p>

    <p class='ocr_par' dir='ltr' id='par_1_7' title="bbox 138 1280 996 1363">
     <span class='ocr_line' id='line_1_10' title="bbox 138 1280 996 1363; baseline 0.002 -19"><span class='ocrx_word' id='word_1_50' title='bbox 138 1280 276 1359; x_wconf 84' lang='lat' dir='ltr'>Quanto</span> <span class='ocrx_word' id='word_1_51' title='bbox 298 1283 398 1363; x_wconf 87' lang='lat' dir='ltr'>igitur</span> <span class='ocrx_word' id='word_1_52' title='bbox 413 1282 530 1349; x_wconf 89' lang='lat' dir='ltr'>muudi</span> <span class='ocrx_word' id='word_1_53' title='bbox 545 1282 692 1358; x_wconf 86' lang='lat' dir='ltr'>dominis</span> <span class='ocrx_word' id='word_1_54' title='bbox 708 1283 861 1347; x_wconf 89' lang='lat' dir='ltr'>securius</span> <span class='ocrx_word' id='word_1_55' title='bbox 884 1302 996 1348; x_wconf 84' lang='lat' dir='ltr'>aevum</span> 
     </span>
    </p>

    <p class='ocr_par' dir='ltr' id='par_1_8' title="bbox 140 1376 1091 1476">
     <span class='ocr_line' id='line_1_11' title="bbox 140 1376 1091 1476; baseline 0.001 -19"><span class='ocrx_word' id='word_1_56' title='bbox 140 1391 253 1457; x_wconf 89' lang='lat' dir='ltr'>Verus</span> <span class='ocrx_word' id='word_1_57' title='bbox 270 1414 400 1476; x_wconf 89' lang='lat' dir='ltr'>pauper</span> <span class='ocrx_word' id='word_1_58' title='bbox 416 1394 502 1474; x_wconf 89' lang='lat' dir='ltr'>agit!</span> <span class='ocrx_word' id='word_1_59' title='bbox 526 1393 668 1458; x_wconf 87' lang='lat' dir='ltr'>dimisso</span> <span class='ocrx_word' id='word_1_60' title='bbox 683 1394 719 1458; x_wconf 91' lang='lat' dir='ltr'>in</span> <span class='ocrx_word' id='word_1_61' title='bbox 734 1393 846 1458; x_wconf 92' lang='lat' dir='ltr'>littore</span> <span class='ocrx_word' id='word_1_62' title='bbox 860 1413 950 1476; x_wconf 82' lang='lat' dir='ltr'>rege,</span> <span class='ocrx_word' id='word_1_63' title='bbox 1083 1376 1091 1384; x_wconf 49' lang='lat'>¹</span> 
     </span>
    </p>

    <p class='ocr_par' dir='ltr' id='par_1_9' title="bbox 140 1503 1241 1811">
     <span class='ocr_line' id='line_1_12' title="bbox 141 1503 1189 1589; baseline 0.006 -23"><span class='ocrx_word' id='word_1_64' title='bbox 141 1503 223 1589; x_wconf 89' lang='lat' dir='ltr'>Ipse</span> <span class='ocrx_word' id='word_1_65' title='bbox 239 1525 299 1586; x_wconf 89' lang='lat' dir='ltr'>per</span> <span class='ocrx_word' id='word_1_66' title='bbox 314 1503 436 1568; x_wconf 87' lang='lat' dir='ltr'>Icariae</span> <span class='ocrx_word' id='word_1_67' title='bbox 453 1505 628 1589; x_wconf 91' lang='lat' dir='ltr'>scopulos,</span> <span class='ocrx_word' id='word_1_68' title='bbox 650 1503 892 1588; x_wconf 88' lang='lat' dir='ltr'>Ephesumque</span> <span class='ocrx_word' id='word_1_69' title='bbox 906 1506 1111 1588; x_wconf 80' lang='lat' dir='ltr'>relinquens,</span> <span class='ocrx_word' id='word_1_70' title='bbox 1184 1574 1189 1583; x_wconf 63' lang='grc'><strong>,</strong></span> 
     </span>
     <span class='ocr_line' id='line_1_13' title="bbox 140 1614 1241 1700; baseline 0.005 -23"><span class='ocrx_word' id='word_1_71' title='bbox 140 1615 185 1678; x_wconf 90' lang='lat' dir='ltr'>Et</span> <span class='ocrx_word' id='word_1_72' title='bbox 197 1615 327 1696; x_wconf 89' lang='lat' dir='ltr'>placidi</span> <span class='ocrx_word' id='word_1_73' title='bbox 343 1614 547 1698; x_wconf 87' lang='lat' dir='ltr'>Colophona</span> <span class='ocrx_word' id='word_1_74' title='bbox 567 1616 683 1692; x_wconf 87' lang='lat' dir='ltr'>maris,</span> <span class='ocrx_word' id='word_1_75' title='bbox 699 1616 894 1699; x_wconf 86' lang='lat' dir='ltr'>spumantia</span> <span class='ocrx_word' id='word_1_76' title='bbox 913 1636 1031 1700; x_wconf 86' lang='lat' dir='ltr'>parvae</span> <span class='ocrx_word' id='word_1_77' title='bbox 1176 1618 1241 1683; x_wconf 77' lang='lat'>245</span> 
     </span>
     <span class='ocr_line' id='line_1_14' title="bbox 141 1723 886 1811; baseline 0.003 -23"><span class='ocrx_word' id='word_1_78' title='bbox 141 1723 248 1789; x_wconf 88' lang='lat' dir='ltr'>Radit</span> <span class='ocrx_word' id='word_1_79' title='bbox 263 1746 351 1790; x_wconf 84' lang='lat' dir='ltr'>saxa</span> <span class='ocrx_word' id='word_1_80' title='bbox 366 1726 460 1792; x_wconf 87' lang='lat' dir='ltr'>Sami</span> <span class='ocrx_word' id='word_1_81' title='bbox 471 1747 491 1792; x_wconf 48' lang='lat' dir='ltr'>z„</span> <span class='ocrx_word' id='word_1_82' title='bbox 503 1728 612 1811; x_wconf 89' lang='lat' dir='ltr'>spirat</span> <span class='ocrx_word' id='word_1_83' title='bbox 626 1728 668 1792; x_wconf 90' lang='lat' dir='ltr'>de</span> <span class='ocrx_word' id='word_1_84' title='bbox 684 1728 795 1794; x_wconf 90' lang='lat' dir='ltr'>littore</span> <span class='ocrx_word' id='word_1_85' title='bbox 811 1724 886 1803; x_wconf 81' lang='lat' dir='ltr'>Coo</span> 
     </span>
    </p>

    <p class='ocr_par' dir='ltr' id='par_1_10' title="bbox 140 1834 1147 1922">
     <span class='ocr_line' id='line_1_15' title="bbox 140 1834 1147 1922; baseline 0.006 -23"><span class='ocrx_word' id='word_1_86' title='bbox 140 1836 237 1900; x_wconf 91' lang='lat' dir='ltr'>Aura</span> <span class='ocrx_word' id='word_1_87' title='bbox 252 1838 379 1901; x_wconf 92' lang='lat' dir='ltr'>fluens:</span> <span class='ocrx_word' id='word_1_88' title='bbox 404 1838 543 1903; x_wconf 85' lang='lat' dir='ltr'>Gnidon</span> <span class='ocrx_word' id='word_1_89' title='bbox 557 1838 636 1904; x_wconf 92' lang='lat' dir='ltr'>inde</span> <span class='ocrx_word' id='word_1_90' title='bbox 651 1837 749 1920; x_wconf 83' lang='lat' dir='ltr'>fugit,</span> <span class='ocrx_word' id='word_1_91' title='bbox 770 1834 965 1921; x_wconf 78' lang='lat' dir='ltr'>elusamque</span> <span class='ocrx_word' id='word_1_92' title='bbox 988 1839 1147 1922; x_wconf 88' lang='lat' dir='ltr'>relinquit</span> 
     </span>
    </p>

    <p class='ocr_par' dir='ltr' id='par_1_11' title="bbox 85 1947 1102 2044">
     <span class='ocr_line' id='line_1_16' title="bbox 85 1947 1102 2044; baseline 0.003 -35"><span class='ocrx_word' id='word_1_93' title='bbox 85 2023 89 2026; x_wconf 10' lang='lat' dir='ltr'>g</span> <span class='ocrx_word' id='word_1_94' title='bbox 141 1947 222 2011; x_wconf 92' lang='lat' dir='ltr'>Sole</span> <span class='ocrx_word' id='word_1_95' title='bbox 245 1947 405 2025; x_wconf 91' lang='lat' dir='ltr'>Rhodon,</span> <span class='ocrx_word' id='word_1_96' title='bbox 415 1967 626 2032; x_wconf 81' lang='lat' dir='ltr'>magnosque</span> <span class='ocrx_word' id='word_1_97' title='bbox 640 1948 735 2015; x_wconf 88' lang='lat' dir='ltr'>sinus</span> <span class='ocrx_word' id='word_1_98' title='bbox 749 1947 983 2044; x_wconf 79' lang='lat' dir='ltr'>Telmessidos</span> <span class='ocrx_word' id='word_1_99' title='bbox 1001 1948 1102 2040; x_wconf 86' lang='lat' dir='ltr'>undae</span> 
     </span>
    </p>
   </div>
   <div class='ocr_carea' id='block_1_4' title="bbox 141 2108 1244 2170">
    <p class='ocr_par' dir='ltr' id='par_1_12' title="bbox 141 2108 1244 2170">
     <span class='ocr_line' id='line_1_17' title="bbox 141 2108 1244 2170; baseline 0.004 -16"><span class='ocrx_word' id='word_1_100' title='bbox 141 2109 298 2158; x_wconf 68' lang='lat' dir='ltr'>assuetum.</span> <span class='ocrx_word' id='word_1_101' title='bbox 332 2113 475 2170; x_wconf 67' lang='lat' dir='ltr'>moenum.</span> <span class='ocrx_word' id='word_1_102' title='bbox 509 2109 654 2159; x_wconf 69' lang='lat' dir='ltr'>suademur.</span> <span class='ocrx_word' id='word_1_103' title='bbox 689 2109 844 2169; x_wconf 67' lang='lat' dir='ltr'>euenum.</span> <span class='ocrx_word' id='word_1_104' title='bbox 884 2108 994 2156; x_wconf 57' lang='lat' dir='ltr'>atella.</span> <span class='ocrx_word' id='word_1_105' title='bbox 1041 2108 1244 2161; x_wconf 66' lang='lat' dir='ltr'>malliennium.</span> 
     </span>
    </p>
   </div>
   <div class='ocr_carea' id='block_1_5' title="bbox 139 2230 1304 4438">
    <p class='ocr_par' dir='ltr' id='par_1_13' title="bbox 140 2230 1289 2557">
     <span class='ocr_line' id='line_1_18' title="bbox 174 2230 1241 2301; baseline 0.007 -21"><span class='ocrx_word' id='word_1_106' title='bbox 174 2237 230 2283; x_wconf 68' lang='lat'>935.</span> <span class='ocrx_word' id='word_1_107' title='bbox 250 2234 390 2293; x_wconf 78' lang='lat' dir='ltr'>Telmeritis,</span> <span class='ocrx_word' id='word_1_108' title='bbox 409 2237 466 2301; x_wconf 73' lang='lat' dir='ltr'>hee]</span> <span class='ocrx_word' id='word_1_109' title='bbox 484 2237 606 2284; x_wconf 86' lang='lat' dir='ltr'>Concludit</span> <span class='ocrx_word' id='word_1_110' title='bbox 624 2253 679 2285; x_wconf 89' lang='lat' dir='ltr'>enu-</span> <span class='ocrx_word' id='word_1_111' title='bbox 698 2230 701 2235; x_wconf 43' lang='lat'><strong>¹</strong></span> <span class='ocrx_word' id='word_1_112' title='bbox 736 2238 791 2286; x_wconf 72' lang='lat' dir='ltr'>aaa.</span> <span class='ocrx_word' id='word_1_113' title='bbox 810 2234 906 2298; x_wconf 80' lang='lat' dir='ltr'>Ipseper</span> <span class='ocrx_word' id='word_1_114' title='bbox 922 2234 1023 2301; x_wconf 70' lang='lat' dir='ltr'>icaria]</span> <span class='ocrx_word' id='word_1_115' title='bbox 1041 2237 1173 2299; x_wconf 76' lang='lat' dir='ltr'>Pompeius·</span> <span class='ocrx_word' id='word_1_116' title='bbox 1190 2237 1241 2288; x_wconf 80' lang='lat' dir='ltr'>lea·</span> 
     </span>
     <span class='ocr_line' id='line_1_19' title="bbox 140 2301 1241 2365; baseline 0.006 -19"><span class='ocrx_word' id='word_1_117' title='bbox 140 2301 288 2347; x_wconf 75' lang='lat' dir='ltr'>metationem</span> <span class='ocrx_word' id='word_1_118' title='bbox 306 2303 447 2359; x_wconf 90' lang='lat' dir='ltr'>meritorum,</span> <span class='ocrx_word' id='word_1_119' title='bbox 466 2303 606 2364; x_wconf 86' lang='lat' dir='ltr'>dimittitque</span> <span class='ocrx_word' id='word_1_120' title='bbox 631 2304 679 2350; x_wconf 87' lang='lat' dir='ltr'>Re·</span> <span class='ocrx_word' id='word_1_121' title='bbox 702 2301 869 2364; x_wconf 67' lang='lat' dir='ltr'>recreantes]</span> <span class='ocrx_word' id='word_1_122' title='bbox 885 2303 965 2349; x_wconf 82' lang='lat' dir='ltr'>leariae</span> <span class='ocrx_word' id='word_1_123' title='bbox 974 2302 1016 2350; x_wconf 69' lang='lat' dir='ltr'>ius¹</span> <span class='ocrx_word' id='word_1_124' title='bbox 1034 2304 1156 2352; x_wconf 77' lang='lat' dir='ltr'>aidiiuter</span> <span class='ocrx_word' id='word_1_125' title='bbox 1164 2319 1241 2365; x_wconf 81' lang='lat' dir='ltr'>scopu·</span> 
     </span>
     <span class='ocr_line' id='line_1_20' title="bbox 142 2363 1289 2431; baseline 0.004 -19"><span class='ocrx_word' id='word_1_126' title='bbox 142 2382 194 2425; x_wconf 90' lang='lat' dir='ltr'>gem</span> <span class='ocrx_word' id='word_1_127' title='bbox 206 2381 258 2411; x_wconf 92' lang='lat' dir='ltr'>cum</span> <span class='ocrx_word' id='word_1_128' title='bbox 269 2367 381 2413; x_wconf 90' lang='lat' dir='ltr'>mandatis</span> <span class='ocrx_word' id='word_1_129' title='bbox 393 2369 421 2413; x_wconf 88' lang='lat' dir='ltr'>ad</span> <span class='ocrx_word' id='word_1_130' title='bbox 433 2368 532 2414; x_wconf 87' lang='lat' dir='ltr'>Parthos</span> <span class='ocrx_word' id='word_1_131' title='bbox 542 2384 549 2424; x_wconf 79' lang='lat'><em>3</em></span> <span class='ocrx_word' id='word_1_132' title='bbox 565 2373 591 2413; x_wconf 90' lang='lat' dir='ltr'>ut</span> <span class='ocrx_word' id='word_1_133' title='bbox 602 2369 679 2415; x_wconf 89' lang='lat' dir='ltr'>termi-</span> <span class='ocrx_word' id='word_1_134' title='bbox 704 2367 740 2412; x_wconf 80' lang='lat' dir='ltr'>los.</span> <span class='ocrx_word' id='word_1_135' title='bbox 754 2366 904 2430; x_wconf 74' lang='lat' dir='ltr'>Ephesumque</span> <span class='ocrx_word' id='word_1_136' title='bbox 912 2367 1058 2431; x_wconf 71' lang='lat' dir='ltr'>relinqueres]</span> <span class='ocrx_word' id='word_1_137' title='bbox 1068 2369 1139 2416; x_wconf 84' lang='lat' dir='ltr'>Iouiae</span> <span class='ocrx_word' id='word_1_138' title='bbox 1150 2369 1174 2416; x_wconf 89' lang='lat' dir='ltr'>in</span> <span class='ocrx_word' id='word_1_139' title='bbox 1183 2370 1240 2417; x_wconf 86' lang='lat' dir='ltr'>Asia</span> <span class='ocrx_word' id='word_1_140' title='bbox 1287 2363 1289 2367; x_wconf 36' lang='lat'>⁸</span> 
     </span>
     <span class='ocr_line' id='line_1_21' title="bbox 141 2431 1288 2492; baseline 0.004 -17"><span class='ocrx_word' id='word_1_141' title='bbox 141 2446 184 2476; x_wconf 90' lang='lat' dir='ltr'>nos</span> <span class='ocrx_word' id='word_1_142' title='bbox 197 2431 262 2490; x_wconf 87' lang='lat' dir='ltr'>regni</span> <span class='ocrx_word' id='word_1_143' title='bbox 270 2432 343 2477; x_wconf 90' lang='lat' dir='ltr'>libere</span> <span class='ocrx_word' id='word_1_144' title='bbox 354 2439 477 2488; x_wconf 75' lang='lat' dir='ltr'>nauseant,</span> <span class='ocrx_word' id='word_1_145' title='bbox 489 2439 512 2479; x_wconf 91' lang='lat' dir='ltr'>et</span> <span class='ocrx_word' id='word_1_146' title='bbox 521 2433 631 2480; x_wconf 85' lang='lat' dir='ltr'>Romanis</span> <span class='ocrx_word' id='word_1_147' title='bbox 643 2449 678 2480; x_wconf 84' lang='lat' dir='ltr'>se-</span> <span class='ocrx_word' id='word_1_148' title='bbox 703 2431 838 2478; x_wconf 84' lang='lat' dir='ltr'>maritimam</span> <span class='ocrx_word' id='word_1_149' title='bbox 849 2434 929 2478; x_wconf 86' lang='lat' dir='ltr'>urbem</span> <span class='ocrx_word' id='word_1_150' title='bbox 939 2433 1061 2479; x_wconf 87' lang='lat' dir='ltr'>celebrem.</span> <span class='ocrx_word' id='word_1_151' title='bbox 1280 2473 1288 2492; x_wconf 51' lang='grc'>,,</span> 
     </span>
     <span class='ocr_line' id='line_1_22' title="bbox 141 2495 1241 2557; baseline 0.005 -18"><span class='ocrx_word' id='word_1_152' title='bbox 141 2511 194 2540; x_wconf 91' lang='lat' dir='ltr'>eum</span> <span class='ocrx_word' id='word_1_153' title='bbox 206 2495 292 2541; x_wconf 90' lang='lat' dir='ltr'>bellum</span> <span class='ocrx_word' id='word_1_154' title='bbox 303 2497 406 2543; x_wconf 87' lang='lat' dir='ltr'>inferant.</span> <span class='ocrx_word' id='word_1_155' title='bbox 426 2496 529 2543; x_wconf 82' lang='lat' dir='ltr'>Horteus.</span> <span class='ocrx_word' id='word_1_156' title='bbox 736 2499 791 2544; x_wconf 67' lang='lat'>245.</span> <span class='ocrx_word' id='word_1_157' title='bbox 810 2495 903 2542; x_wconf 81' lang='lat' dir='ltr'>Placidi</span> <span class='ocrx_word' id='word_1_158' title='bbox 912 2495 1034 2557; x_wconf 79' lang='lat' dir='ltr'>Colophona</span> <span class='ocrx_word' id='word_1_159' title='bbox 1044 2495 1131 2557; x_wconf 78' lang='lat' dir='ltr'>moria]</span> <span class='ocrx_word' id='word_1_160' title='bbox 1148 2497 1176 2543; x_wconf 88' lang='lat' dir='ltr'>In</span> <span class='ocrx_word' id='word_1_161' title='bbox 1193 2499 1241 2545; x_wconf 93' lang='lat' dir='ltr'>imo</span> 
     </span>
    </p>

    <p class='ocr_par' dir='ltr' id='par_1_14' title="bbox 140 2559 1243 2882">
     <span class='ocr_line' id='line_1_23' title="bbox 175 2559 1237 2625; baseline 0.003 -21"><span class='ocrx_word' id='word_1_162' title='bbox 175 2561 230 2605; x_wconf 65' lang='lat'>236.</span> <span class='ocrx_word' id='word_1_163' title='bbox 249 2559 677 2625; x_wconf 77' lang='lat' dir='ltr'>Clauslrisoctitamperseculeripom.]</span> <span class='ocrx_word' id='word_1_164' title='bbox 703 2561 789 2621; x_wconf 86' lang='lat' dir='ltr'>quippe</span> <span class='ocrx_word' id='word_1_165' title='bbox 809 2561 872 2607; x_wconf 88' lang='lat' dir='ltr'>sinus</span> <span class='ocrx_word' id='word_1_166' title='bbox 891 2561 1038 2620; x_wconf 83' lang='lat' dir='ltr'>pulcherrimi</span> <span class='ocrx_word' id='word_1_167' title='bbox 1059 2567 1094 2606; x_wconf 88' lang='lat' dir='ltr'>eat</span> <span class='ocrx_word' id='word_1_168' title='bbox 1110 2562 1237 2622; x_wconf 70' lang='lat' dir='ltr'>Colophon,</span> 
     </span>
     <span class='ocr_line' id='line_1_24' title="bbox 141 2625 1126 2688; baseline 0.001 -19"><span class='ocrx_word' id='word_1_169' title='bbox 141 2625 255 2670; x_wconf 82' lang='lat' dir='ltr'>Terminis</span> <span class='ocrx_word' id='word_1_170' title='bbox 286 2625 416 2672; x_wconf 88' lang='lat' dir='ltr'>constitutis</span> <span class='ocrx_word' id='word_1_171' title='bbox 442 2627 502 2673; x_wconf 88' lang='lat' dir='ltr'>intra</span> <span class='ocrx_word' id='word_1_172' title='bbox 529 2627 678 2686; x_wconf 81' lang='lat' dir='ltr'>Euphratem,</span> <span class='ocrx_word' id='word_1_173' title='bbox 703 2625 938 2688; x_wconf 64' lang='lat' dir='ltr'>Spumomiuporue]</span> <span class='ocrx_word' id='word_1_174' title='bbox 957 2627 1028 2672; x_wconf 77' lang='lat' dir='ltr'>laniae</span> <span class='ocrx_word' id='word_1_175' title='bbox 1038 2625 1126 2670; x_wconf 77' lang='lat' dir='ltr'>insulae.</span> 
     </span>
     <span class='ocr_line' id='line_1_25' title="bbox 140 2689 1238 2752; baseline 0.002 -18"><span class='ocrx_word' id='word_1_176' title='bbox 140 2704 209 2748; x_wconf 88' lang='lat' dir='ltr'>quem</span> <span class='ocrx_word' id='word_1_177' title='bbox 230 2690 341 2737; x_wconf 82' lang='lat' dir='ltr'>Phraates</span> <span class='ocrx_word' id='word_1_178' title='bbox 362 2707 413 2737; x_wconf 91' lang='lat' dir='ltr'>cum</span> <span class='ocrx_word' id='word_1_179' title='bbox 432 2691 553 2752; x_wconf 79' lang='lat' dir='ltr'>Tigranem</span> <span class='ocrx_word' id='word_1_180' title='bbox 570 2707 679 2752; x_wconf 86' lang='lat' dir='ltr'>generum</span> <span class='ocrx_word' id='word_1_181' title='bbox 736 2694 790 2736; x_wconf 71' lang='grc'>246.</span> <span class='ocrx_word' id='word_1_182' title='bbox 809 2689 888 2751; x_wconf 75' lang='lat' dir='ltr'>soma]</span> <span class='ocrx_word' id='word_1_183' title='bbox 927 2690 1000 2735; x_wconf 86' lang='lat' dir='ltr'>Maris</span> <span class='ocrx_word' id='word_1_184' title='bbox 1025 2689 1143 2750; x_wconf 84' lang='lat' dir='ltr'>Carpathii</span> <span class='ocrx_word' id='word_1_185' title='bbox 1168 2689 1238 2738; x_wconf 82' lang='lat' dir='ltr'>insul.</span> 
     </span>
     <span class='ocr_line' id='line_1_26' title="bbox 141 2752 1098 2818; baseline -0.002 -18"><span class='ocrx_word' id='word_1_186' title='bbox 141 2770 209 2800; x_wconf 87' lang='lat' dir='ltr'>suum</span> <span class='ocrx_word' id='word_1_187' title='bbox 221 2770 234 2799; x_wconf 91' lang='lat' dir='ltr'>a</span> <span class='ocrx_word' id='word_1_188' title='bbox 244 2755 355 2814; x_wconf 90' lang='lat' dir='ltr'>Pompeio</span> <span class='ocrx_word' id='word_1_189' title='bbox 371 2762 517 2817; x_wconf 77' lang='lat' dir='ltr'>exposceret,</span> <span class='ocrx_word' id='word_1_190' title='bbox 527 2757 620 2815; x_wconf 91' lang='lat' dir='ltr'>lmperii</span> <span class='ocrx_word' id='word_1_191' title='bbox 631 2771 678 2802; x_wconf 90' lang='lat' dir='ltr'>me·</span> <span class='ocrx_word' id='word_1_192' title='bbox 705 2752 766 2818; x_wconf 82' lang='lat' dir='ltr'>Coa]</span> <span class='ocrx_word' id='word_1_193' title='bbox 784 2757 852 2801; x_wconf 88' lang='lat' dir='ltr'>Sarno</span> <span class='ocrx_word' id='word_1_194' title='bbox 863 2755 939 2800; x_wconf 73' lang='lat' dir='ltr'>vicina</span> <span class='ocrx_word' id='word_1_195' title='bbox 948 2761 985 2800; x_wconf 86' lang='lat' dir='ltr'>est</span> <span class='ocrx_word' id='word_1_196' title='bbox 996 2754 1042 2800; x_wconf 77' lang='lat' dir='ltr'>Cos</span> <span class='ocrx_word' id='word_1_197' title='bbox 1055 2753 1098 2800; x_wconf 88' lang='lat' dir='ltr'>ins.</span> 
     </span>
     <span class='ocr_line' id='line_1_27' title="bbox 141 2818 1243 2882; baseline 0.003 -18"><span class='ocrx_word' id='word_1_198' title='bbox 141 2826 187 2864; x_wconf 86' lang='lat' dir='ltr'>tam</span> <span class='ocrx_word' id='word_1_199' title='bbox 200 2827 224 2864; x_wconf 90' lang='lat' dir='ltr'>et</span> <span class='ocrx_word' id='word_1_200' title='bbox 234 2821 355 2866; x_wconf 89' lang='lat' dir='ltr'>terminum</span> <span class='ocrx_word' id='word_1_201' title='bbox 366 2828 447 2880; x_wconf 87' lang='lat' dir='ltr'>pactus</span> <span class='ocrx_word' id='word_1_202' title='bbox 459 2828 501 2867; x_wconf 89' lang='lat' dir='ltr'>est.</span> <span class='ocrx_word' id='word_1_203' title='bbox 736 2822 791 2866; x_wconf 69' lang='lat'>247.</span> <span class='ocrx_word' id='word_1_204' title='bbox 809 2818 873 2864; x_wconf 83' lang='lat' dir='ltr'>Auru</span> <span class='ocrx_word' id='word_1_205' title='bbox 885 2818 982 2882; x_wconf 76' lang='lat' dir='ltr'>fluam]</span> <span class='ocrx_word' id='word_1_206' title='bbox 1001 2819 1036 2864; x_wconf 86' lang='lat' dir='ltr'>Ab</span> <span class='ocrx_word' id='word_1_207' title='bbox 1057 2832 1141 2865; x_wconf 87' lang='lat' dir='ltr'>occasu</span> <span class='ocrx_word' id='word_1_208' title='bbox 1157 2828 1243 2867; x_wconf 84' lang='lat' dir='ltr'>ventus-</span> 
     </span>
    </p>

    <p class='ocr_par' dir='ltr' id='par_1_15' title="bbox 140 2880 1275 3529">
     <span class='ocr_line' id='line_1_28' title="bbox 176 2880 1241 2948; baseline 0.002 -19"><span class='ocrx_word' id='word_1_209' title='bbox 176 2885 230 2930; x_wconf 63' lang='lat'><strong>237.</strong></span> <span class='ocrx_word' id='word_1_210' title='bbox 249 2883 391 2947; x_wconf 80' lang='lat' dir='ltr'>Zerrgmoquc</span> <span class='ocrx_word' id='word_1_211' title='bbox 410 2884 537 2948; x_wconf 68' lang='lat' dir='ltr'>Peneum]</span> <span class='ocrx_word' id='word_1_212' title='bbox 554 2883 628 2943; x_wconf 75' lang='lat' dir='ltr'>Syriae</span> <span class='ocrx_word' id='word_1_213' title='bbox 649 2885 678 2931; x_wconf 84' lang='lat' dir='ltr'>sd</span> <span class='ocrx_word' id='word_1_214' title='bbox 702 2884 835 2930; x_wconf 89' lang='lat' dir='ltr'>commodus</span> <span class='ocrx_word' id='word_1_215' title='bbox 854 2883 937 2930; x_wconf 87' lang='lat' dir='ltr'>leniter</span> <span class='ocrx_word' id='word_1_216' title='bbox 952 2884 1031 2944; x_wconf 82' lang='lat' dir='ltr'>spirat,</span> <span class='ocrx_word' id='word_1_217' title='bbox 1048 2880 1109 2930; x_wconf 86' lang='lat' dir='ltr'>inter</span> <span class='ocrx_word' id='word_1_218' title='bbox 1120 2883 1198 2930; x_wconf 85' lang='lat' dir='ltr'>Asiam</span> <span class='ocrx_word' id='word_1_219' title='bbox 1216 2894 1241 2931; x_wconf 86' lang='lat' dir='ltr'>et</span> 
     </span>
     <span class='ocr_line' id='line_1_29' title="bbox 141 2947 1241 3009; baseline 0.004 -16"><span class='ocrx_word' id='word_1_220' title='bbox 141 2947 284 3008; x_wconf 80' lang='lat' dir='ltr'>Euphratem</span> <span class='ocrx_word' id='word_1_221' title='bbox 295 2964 349 3009; x_wconf 91' lang='lat' dir='ltr'>opp.</span> <span class='ocrx_word' id='word_1_222' title='bbox 362 2952 390 2996; x_wconf 90' lang='lat' dir='ltr'>ab</span> <span class='ocrx_word' id='word_1_223' title='bbox 406 2951 539 2996; x_wconf 82' lang='lat' dir='ltr'>Alexandro</span> <span class='ocrx_word' id='word_1_224' title='bbox 550 2949 678 2996; x_wconf 82' lang='lat' dir='ltr'>Macedone</span> <span class='ocrx_word' id='word_1_225' title='bbox 703 2948 776 2996; x_wconf 86' lang='lat' dir='ltr'>Coum</span> <span class='ocrx_word' id='word_1_226' title='bbox 785 2948 891 3003; x_wconf 74' lang='lat' dir='ltr'>insulem,</span> <span class='ocrx_word' id='word_1_227' title='bbox 902 2963 995 2995; x_wconf 83' lang='lat' dir='ltr'>cursum</span> <span class='ocrx_word' id='word_1_228' title='bbox 1005 2948 1120 2994; x_wconf 75' lang='lat' dir='ltr'>iri-Ortum</span> <span class='ocrx_word' id='word_1_229' title='bbox 1128 2948 1241 2997; x_wconf 70' lang='lat' dir='ltr'>flectenti·</span> 
     </span>
     <span class='ocr_line' id='line_1_30' title="bbox 140 3012 1241 3075; baseline 0.004 -17"><span class='ocrx_word' id='word_1_230' title='bbox 140 3013 265 3059; x_wconf 85' lang='lat' dir='ltr'>conditum.</span> <span class='ocrx_word' id='word_1_231' title='bbox 279 3020 302 3060; x_wconf 90' lang='lat' dir='ltr'>et</span> <span class='ocrx_word' id='word_1_232' title='bbox 320 3014 544 3075; x_wconf 86' lang='lat' dir='ltr'>ubitluvinmponte</span> <span class='ocrx_word' id='word_1_233' title='bbox 556 3029 569 3060; x_wconf 89' lang='lat' dir='ltr'>e</span> <span class='ocrx_word' id='word_1_234' title='bbox 580 3015 678 3061; x_wconf 81' lang='lat' dir='ltr'>navibus</span> <span class='ocrx_word' id='word_1_235' title='bbox 702 3015 754 3060; x_wconf 87' lang='lat' dir='ltr'>hus.</span> <span class='ocrx_word' id='word_1_236' title='bbox 771 3016 815 3060; x_wconf 86' lang='lat' dir='ltr'>Est</span> <span class='ocrx_word' id='word_1_237' title='bbox 833 3020 908 3059; x_wconf 90' lang='lat' dir='ltr'>autern</span> <span class='ocrx_word' id='word_1_238' title='bbox 918 3016 980 3060; x_wconf 91' lang='lat' dir='ltr'>Cous</span> <span class='ocrx_word' id='word_1_239' title='bbox 998 3013 1048 3060; x_wconf 82' lang='lat' dir='ltr'>sive</span> <span class='ocrx_word' id='word_1_240' title='bbox 1059 3012 1139 3060; x_wconf 81' lang='lat' dir='ltr'>Cosiu</span> <span class='ocrx_word' id='word_1_241' title='bbox 1157 3015 1241 3062; x_wconf 65' lang='lat' dir='ltr'>omem</span> 
     </span>
     <span class='ocr_line' id='line_1_31' title="bbox 140 3077 1241 3136; baseline 0.005 -13"><span class='ocrx_word' id='word_1_242' title='bbox 140 3079 268 3134; x_wconf 85' lang='lat' dir='ltr'>domuerat,</span> <span class='ocrx_word' id='word_1_243' title='bbox 289 3086 381 3125; x_wconf 81' lang='lat' dir='ltr'>catenas</span> <span class='ocrx_word' id='word_1_244' title='bbox 400 3080 426 3126; x_wconf 87' lang='lat' dir='ltr'>in</span> <span class='ocrx_word' id='word_1_245' title='bbox 438 3082 496 3126; x_wconf 85' lang='lat' dir='ltr'>urhe</span> <span class='ocrx_word' id='word_1_246' title='bbox 507 3085 610 3126; x_wconf 83' lang='lat' dir='ltr'>servatas</span> <span class='ocrx_word' id='word_1_247' title='bbox 626 3094 678 3128; x_wconf 86' lang='lat' dir='ltr'>esse</span> <span class='ocrx_word' id='word_1_248' title='bbox 703 3079 759 3124; x_wconf 86' lang='lat' dir='ltr'>mari</span> <span class='ocrx_word' id='word_1_249' title='bbox 768 3086 846 3125; x_wconf 88' lang='lat' dir='ltr'>eontra</span> <span class='ocrx_word' id='word_1_250' title='bbox 854 3077 984 3134; x_wconf 72' lang='lat' dir='ltr'>Cariamst</span> <span class='ocrx_word' id='word_1_251' title='bbox 992 3077 1026 3123; x_wconf 91' lang='lat' dir='ltr'>illi</span> <span class='ocrx_word' id='word_1_252' title='bbox 1037 3077 1096 3125; x_wconf 86' lang='lat' dir='ltr'>sinui</span> <span class='ocrx_word' id='word_1_253' title='bbox 1104 3080 1205 3136; x_wconf 85' lang='lat' dir='ltr'>obtenta,</span> <span class='ocrx_word' id='word_1_254' title='bbox 1214 3081 1241 3128; x_wconf 85' lang='lat' dir='ltr'>iu</span> 
     </span>
     <span class='ocr_line' id='line_1_32' title="bbox 141 3143 1242 3205; baseline 0.003 -16"><span class='ocrx_word' id='word_1_255' title='bbox 141 3157 184 3189; x_wconf 90' lang='lat' dir='ltr'>suo</span> <span class='ocrx_word' id='word_1_256' title='bbox 195 3148 298 3203; x_wconf 88' lang='lat' dir='ltr'>tempore</span> <span class='ocrx_word' id='word_1_257' title='bbox 308 3145 378 3190; x_wconf 81' lang='lat' dir='ltr'>refert</span> <span class='ocrx_word' id='word_1_258' title='bbox 388 3145 448 3190; x_wconf 89' lang='lat' dir='ltr'>Plin.</span> <span class='ocrx_word' id='word_1_259' title='bbox 460 3146 501 3191; x_wconf 90' lang='lat' dir='ltr'>lib.</span> <span class='ocrx_word' id='word_1_260' title='bbox 519 3147 559 3192; x_wconf 78' lang='lat'>34.</span> <span class='ocrx_word' id='word_1_261' title='bbox 575 3158 626 3205; x_wconf 90' lang='lat' dir='ltr'>cap.</span> <span class='ocrx_word' id='word_1_262' title='bbox 639 3148 676 3193; x_wconf 82' lang='lat'>15.</span> <span class='ocrx_word' id='word_1_263' title='bbox 703 3159 748 3203; x_wconf 94' lang='lat' dir='ltr'>quo</span> <span class='ocrx_word' id='word_1_264' title='bbox 759 3143 934 3192; x_wconf 79' lang='lat' dir='ltr'>Halicarnassus</span> <span class='ocrx_word' id='word_1_265' title='bbox 945 3143 1058 3202; x_wconf 85' lang='lat' dir='ltr'>quondam</span> <span class='ocrx_word' id='word_1_266' title='bbox 1070 3143 1115 3190; x_wconf 82' lang='lat' dir='ltr'>luit</span> <span class='ocrx_word' id='word_1_267' title='bbox 1123 3143 1242 3193; x_wconf 78' lang='lat' dir='ltr'>nobilissi-</span> 
     </span>
     <span class='ocr_line' id='line_1_33' title="bbox 143 3207 1240 3270; baseline 0.004 -18"><span class='ocrx_word' id='word_1_268' title='bbox 143 3207 272 3270; x_wconf 75' lang='lat' dir='ltr'>Pedaeuru]</span> <span class='ocrx_word' id='word_1_269' title='bbox 291 3210 473 3264; x_wconf 87' lang='lat' dir='ltr'>Macedonicum,</span> <span class='ocrx_word' id='word_1_270' title='bbox 486 3225 527 3256; x_wconf 89' lang='lat' dir='ltr'>seu</span> <span class='ocrx_word' id='word_1_271' title='bbox 536 3207 677 3256; x_wconf 83' lang='lat' dir='ltr'>Alexandri:</span> <span class='ocrx_word' id='word_1_272' title='bbox 701 3223 739 3253; x_wconf 87' lang='lat' dir='ltr'>rna</span> <span class='ocrx_word' id='word_1_273' title='bbox 758 3209 848 3266; x_wconf 86' lang='lat' dir='ltr'>insula;</span> <span class='ocrx_word' id='word_1_274' title='bbox 863 3209 921 3253; x_wconf 87' lang='lat' dir='ltr'>inter</span> <span class='ocrx_word' id='word_1_275' title='bbox 941 3223 1009 3268; x_wconf 88' lang='lat' dir='ltr'>quam</span> <span class='ocrx_word' id='word_1_276' title='bbox 1028 3213 1052 3253; x_wconf 89' lang='lat' dir='ltr'>et</span> <span class='ocrx_word' id='word_1_277' title='bbox 1065 3207 1148 3254; x_wconf 89' lang='lat' dir='ltr'>Chium</span> <span class='ocrx_word' id='word_1_278' title='bbox 1158 3209 1240 3256; x_wconf 74' lang='lat' dir='ltr'>Sanos</span> 
     </span>
     <span class='ocr_line' id='line_1_34' title="bbox 143 3272 1240 3334; baseline 0.003 -17"><span class='ocrx_word' id='word_1_279' title='bbox 143 3272 210 3318; x_wconf 89' lang='lat' dir='ltr'>Pella</span> <span class='ocrx_word' id='word_1_280' title='bbox 230 3275 289 3319; x_wconf 88' lang='lat' dir='ltr'>enim</span> <span class='ocrx_word' id='word_1_281' title='bbox 303 3276 358 3320; x_wconf 86' lang='lat' dir='ltr'>urbs</span> <span class='ocrx_word' id='word_1_282' title='bbox 370 3274 519 3321; x_wconf 82' lang='lat' dir='ltr'>Macedoniae.</span> <span class='ocrx_word' id='word_1_283' title='bbox 538 3273 600 3318; x_wconf 87' lang='lat' dir='ltr'>Hinc</span> <span class='ocrx_word' id='word_1_284' title='bbox 613 3284 678 3319; x_wconf 75' lang='lat' dir='ltr'>&#39;uara</span> <span class='ocrx_word' id='word_1_285' title='bbox 701 3272 831 3320; x_wconf 79' lang='lat' dir='ltr'>mediaest.</span> <span class='ocrx_word' id='word_1_286' title='bbox 849 3273 912 3321; x_wconf 87' lang='lat' dir='ltr'>Cous</span> <span class='ocrx_word' id='word_1_287' title='bbox 921 3273 1088 3332; x_wconf 83' lang='lat' dir='ltr'>Hippocratem</span> <span class='ocrx_word' id='word_1_288' title='bbox 1101 3273 1167 3320; x_wconf 86' lang='lat' dir='ltr'>dedit</span> <span class='ocrx_word' id='word_1_289' title='bbox 1176 3275 1240 3334; x_wconf 83' lang='lat' dir='ltr'>prin-</span> 
     </span>
     <span class='ocr_line' id='line_1_35' title="bbox 143 3335 1275 3401; baseline 0.004 -20"><span class='ocrx_word' id='word_1_290' title='bbox 143 3335 225 3382; x_wconf 83' lang='lat' dir='ltr'>Pellaeo</span> <span class='ocrx_word' id='word_1_291' title='bbox 237 3337 469 3401; x_wconf 73' lang='lat' dir='ltr'>jareeuiuensufficit</span> <span class='ocrx_word' id='word_1_292' title='bbox 485 3340 546 3385; x_wconf 75' lang='lat' dir='ltr'>ubis.</span> <span class='ocrx_word' id='word_1_293' title='bbox 567 3337 676 3384; x_wconf 85' lang='lat' dir='ltr'>Hortens.</span> <span class='ocrx_word' id='word_1_294' title='bbox 703 3337 778 3397; x_wconf 88' lang='lat' dir='ltr'>cipem</span> <span class='ocrx_word' id='word_1_295' title='bbox 789 3338 938 3393; x_wconf 88' lang='lat' dir='ltr'>medicorum,</span> <span class='ocrx_word' id='word_1_296' title='bbox 949 3338 1095 3398; x_wconf 74' lang='lat' dir='ltr'>Pythagoraa.</span> <span class='ocrx_word' id='word_1_297' title='bbox 1113 3337 1176 3384; x_wconf 86' lang='lat' dir='ltr'>Hine</span> <span class='ocrx_word' id='word_1_298' title='bbox 1185 3354 1240 3399; x_wconf 85' lang='lat' dir='ltr'>pro·</span> <span class='ocrx_word' id='word_1_299' title='bbox 1273 3389 1275 3392; x_wconf 11' lang='grc' dir='ltr'><em>Α</em></span> 
     </span>
     <span class='ocr_line' id='line_1_36' title="bbox 143 3401 1241 3467; baseline 0.003 -20"><span class='ocrx_word' id='word_1_300' title='bbox 143 3401 247 3461; x_wconf 80' lang='lat' dir='ltr'>Pompeio</span> <span class='ocrx_word' id='word_1_301' title='bbox 263 3404 345 3459; x_wconf 75' lang='lat' dir='ltr'>vincite</span> <span class='ocrx_word' id='word_1_302' title='bbox 365 3402 467 3467; x_wconf 71' lang='lat' dir='ltr'>Paula]</span> <span class='ocrx_word' id='word_1_303' title='bbox 488 3405 516 3449; x_wconf 88' lang='lat' dir='ltr'>ln</span> <span class='ocrx_word' id='word_1_304' title='bbox 533 3419 608 3450; x_wconf 87' lang='lat' dir='ltr'>meum</span> <span class='ocrx_word' id='word_1_305' title='bbox 628 3419 678 3465; x_wconf 85' lang='lat' dir='ltr'>gru-</span> <span class='ocrx_word' id='word_1_306' title='bbox 701 3403 747 3449; x_wconf 91' lang='lat' dir='ltr'>diit</span> <span class='ocrx_word' id='word_1_307' title='bbox 765 3402 861 3464; x_wconf 85' lang='lat' dir='ltr'>Apelles</span> <span class='ocrx_word' id='word_1_308' title='bbox 886 3402 926 3448; x_wconf 89' lang='lat' dir='ltr'>ille</span> <span class='ocrx_word' id='word_1_309' title='bbox 948 3401 1132 3462; x_wconf 78' lang='lat' dir='ltr'>incomparabilis</span> <span class='ocrx_word' id='word_1_310' title='bbox 1155 3405 1241 3462; x_wconf 48' lang='lat' dir='ltr'>pictori</span> 
     </span>
     <span class='ocr_line' id='line_1_37' title="bbox 141 3463 1241 3529; baseline 0.004 -17"><span class='ocrx_word' id='word_1_311' title='bbox 141 3463 196 3513; x_wconf 85' lang='lat' dir='ltr'>tiam</span> <span class='ocrx_word' id='word_1_312' title='bbox 208 3474 232 3512; x_wconf 91' lang='lat' dir='ltr'>et</span> <span class='ocrx_word' id='word_1_313' title='bbox 242 3476 319 3526; x_wconf 88' lang='lat' dir='ltr'>partes</span> <span class='ocrx_word' id='word_1_314' title='bbox 330 3469 408 3528; x_wconf 91' lang='lat' dir='ltr'>potius</span> <span class='ocrx_word' id='word_1_315' title='bbox 419 3484 487 3529; x_wconf 90' lang='lat' dir='ltr'>quam</span> <span class='ocrx_word' id='word_1_316' title='bbox 498 3470 596 3516; x_wconf 86' lang='lat' dir='ltr'>Coesaris</span> <span class='ocrx_word' id='word_1_317' title='bbox 608 3469 645 3516; x_wconf 86' lang='lat' dir='ltr'>sit.</span> <span class='ocrx_word' id='word_1_318' title='bbox 703 3468 766 3515; x_wconf 87' lang='lat' dir='ltr'>Cous</span> <span class='ocrx_word' id='word_1_319' title='bbox 777 3467 905 3526; x_wconf 83' lang='lat' dir='ltr'>AEsculapii</span> <span class='ocrx_word' id='word_1_320' title='bbox 913 3466 1024 3526; x_wconf 85' lang='lat' dir='ltr'>templum</span> <span class='ocrx_word' id='word_1_321' title='bbox 1033 3467 1120 3524; x_wconf 84' lang='lat' dir='ltr'>habuit,</span> <span class='ocrx_word' id='word_1_322' title='bbox 1131 3469 1241 3516; x_wconf 76' lang='lat' dir='ltr'>vetustis-</span> 
     </span>
    </p>

    <p class='ocr_par' dir='ltr' id='par_1_16' title="bbox 175 3531 1240 3596">
     <span class='ocr_line' id='line_1_38' title="bbox 175 3531 1240 3596; baseline 0.003 -19"><span class='ocrx_word' id='word_1_323' title='bbox 175 3533 230 3579; x_wconf 69' lang='lat'>238.</span> <span class='ocrx_word' id='word_1_324' title='bbox 244 3531 349 3596; x_wconf 81' lang='lat' dir='ltr'>Regem]</span> <span class='ocrx_word' id='word_1_325' title='bbox 367 3533 508 3580; x_wconf 88' lang='lat' dir='ltr'>Deiotarum.</span> <span class='ocrx_word' id='word_1_326' title='bbox 704 3531 755 3579; x_wconf 87' lang='lat' dir='ltr'>simi</span> <span class='ocrx_word' id='word_1_327' title='bbox 773 3532 872 3579; x_wconf 87' lang='lat' dir='ltr'>omnium</span> <span class='ocrx_word' id='word_1_328' title='bbox 885 3532 1036 3587; x_wconf 84' lang='lat' dir='ltr'>Medicorum,</span> <span class='ocrx_word' id='word_1_329' title='bbox 1047 3533 1087 3591; x_wconf 89' lang='lat' dir='ltr'>qui</span> <span class='ocrx_word' id='word_1_330' title='bbox 1102 3533 1132 3578; x_wconf 91' lang='lat' dir='ltr'>ob</span> <span class='ocrx_word' id='word_1_331' title='bbox 1141 3532 1240 3595; x_wconf 78' lang='lat' dir='ltr'>dignitu-</span> 
     </span>
    </p>

    <p class='ocr_par' dir='ltr' id='par_1_17' title="bbox 141 3595 1304 3722">
     <span class='ocr_line' id='line_1_39' title="bbox 174 3595 1304 3662; baseline 0.004 -20"><span class='ocrx_word' id='word_1_332' title='bbox 174 3598 229 3644; x_wconf 69' lang='lat'>939.</span> <span class='ocrx_word' id='word_1_333' title='bbox 248 3595 376 3660; x_wconf 70' lang='lat' dir='ltr'>Poenisque,</span> <span class='ocrx_word' id='word_1_334' title='bbox 387 3597 443 3662; x_wconf 76' lang='lat' dir='ltr'>dre]</span> <span class='ocrx_word' id='word_1_335' title='bbox 460 3597 541 3644; x_wconf 88' lang='lat' dir='ltr'>Posito</span> <span class='ocrx_word' id='word_1_336' title='bbox 552 3597 631 3644; x_wconf 88' lang='lat' dir='ltr'>habitu</span> <span class='ocrx_word' id='word_1_337' title='bbox 642 3613 678 3644; x_wconf 89' lang='lat' dir='ltr'>re·</span> <span class='ocrx_word' id='word_1_338' title='bbox 702 3603 750 3643; x_wconf 89' lang='lat' dir='ltr'>tem</span> <span class='ocrx_word' id='word_1_339' title='bbox 761 3604 785 3644; x_wconf 87' lang='lat' dir='ltr'>et</span> <span class='ocrx_word' id='word_1_340' title='bbox 801 3596 962 3644; x_wconf 85' lang='lat' dir='ltr'>excellentiam</span> <span class='ocrx_word' id='word_1_341' title='bbox 972 3596 1028 3642; x_wconf 89' lang='lat' dir='ltr'>artis</span> <span class='ocrx_word' id='word_1_342' title='bbox 1038 3597 1242 3656; x_wconf 72' lang='lat' dir='ltr'>prestmuatne,</span> <span class='ocrx_word' id='word_1_343' title='bbox 1292 3600 1304 3620; x_wconf 62' lang='lat'><em>³</em></span> 
     </span>
     <span class='ocr_line' id='line_1_40' title="bbox 141 3661 1240 3722; baseline 0.004 -15"><span class='ocrx_word' id='word_1_344' title='bbox 141 3661 187 3722; x_wconf 90' lang='lat' dir='ltr'>gio.</span> <span class='ocrx_word' id='word_1_345' title='bbox 702 3661 793 3708; x_wconf 84' lang='lat' dir='ltr'>divinos</span> <span class='ocrx_word' id='word_1_346' title='bbox 811 3661 908 3707; x_wconf 86' lang='lat' dir='ltr'>honores</span> <span class='ocrx_word' id='word_1_347' title='bbox 923 3661 1035 3707; x_wconf 88' lang='lat' dir='ltr'>meruisse</span> <span class='ocrx_word' id='word_1_348' title='bbox 1047 3662 1159 3722; x_wconf 86' lang='lat' dir='ltr'>proditur.</span> <span class='ocrx_word' id='word_1_349' title='bbox 1176 3664 1240 3711; x_wconf 88' lang='lat' dir='ltr'>Cous</span> 
     </span>
    </p>

    <p class='ocr_par' dir='ltr' id='par_1_18' title="bbox 139 3724 1242 4112">
     <span class='ocr_line' id='line_1_41' title="bbox 175 3724 1240 3790; baseline 0.001 -17"><span class='ocrx_word' id='word_1_350' title='bbox 175 3729 231 3773; x_wconf 68' lang='lat'>240,</span> <span class='ocrx_word' id='word_1_351' title='bbox 250 3724 485 3790; x_wconf 72' lang='lat' dir='ltr'>Egrediturfumull]</span> <span class='ocrx_word' id='word_1_352' title='bbox 504 3727 627 3774; x_wconf 87' lang='lat' dir='ltr'>Deiotarus</span> <span class='ocrx_word' id='word_1_353' title='bbox 636 3743 678 3774; x_wconf 85' lang='lat' dir='ltr'>rex</span> <span class='ocrx_word' id='word_1_354' title='bbox 703 3727 781 3773; x_wconf 88' lang='lat' dir='ltr'>vinum</span> <span class='ocrx_word' id='word_1_355' title='bbox 792 3725 1003 3787; x_wconf 67' lang='lat' dir='ltr'>praestantissimum</span> <span class='ocrx_word' id='word_1_356' title='bbox 1019 3725 1079 3772; x_wconf 82' lang='lat' dir='ltr'>ferre</span> <span class='ocrx_word' id='word_1_357' title='bbox 1090 3726 1161 3774; x_wconf 70' lang='lat' dir='ltr'>uadit</span> <span class='ocrx_word' id='word_1_358' title='bbox 1177 3728 1240 3783; x_wconf 66' lang='lat' dir='ltr'>Steu-</span> 
     </span>
     <span class='ocr_line' id='line_1_42' title="bbox 142 3789 1240 3852; baseline 0.005 -16"><span class='ocrx_word' id='word_1_359' title='bbox 142 3790 255 3851; x_wconf 88' lang='lat' dir='ltr'>Pompeio</span> <span class='ocrx_word' id='word_1_360' title='bbox 263 3791 378 3837; x_wconf 88' lang='lat' dir='ltr'>mandanti</span> <span class='ocrx_word' id='word_1_361' title='bbox 386 3792 477 3851; x_wconf 82' lang='lat' dir='ltr'>peruit3</span> <span class='ocrx_word' id='word_1_362' title='bbox 488 3799 556 3852; x_wconf 89' lang='lat' dir='ltr'>atque</span> <span class='ocrx_word' id='word_1_363' title='bbox 564 3793 677 3838; x_wconf 87' lang='lat' dir='ltr'>haudme·</span> <span class='ocrx_word' id='word_1_364' title='bbox 702 3791 740 3837; x_wconf 90' lang='lat' dir='ltr'>bo.</span> <span class='ocrx_word' id='word_1_365' title='bbox 759 3789 826 3837; x_wconf 82' lang='lat' dir='ltr'>Hert.</span> <span class='ocrx_word' id='word_1_366' title='bbox 845 3789 955 3852; x_wconf 72' lang='lat' dir='ltr'>Guridoa]</span> <span class='ocrx_word' id='word_1_367' title='bbox 974 3791 1107 3837; x_wconf 83' lang='lat' dir='ltr'>Extremam</span> <span class='ocrx_word' id='word_1_368' title='bbox 1118 3793 1192 3840; x_wconf 79' lang='lat' dir='ltr'>Cariae</span> <span class='ocrx_word' id='word_1_369' title='bbox 1202 3809 1240 3840; x_wconf 88' lang='lat' dir='ltr'>ur·</span> 
     </span>
     <span class='ocr_line' id='line_1_43' title="bbox 140 3854 1241 3918; baseline 0.004 -17"><span class='ocrx_word' id='word_1_370' title='bbox 140 3854 186 3901; x_wconf 90' lang='lat' dir='ltr'>lius</span> <span class='ocrx_word' id='word_1_371' title='bbox 204 3855 302 3903; x_wconf 86' lang='lat' dir='ltr'>vestitus</span> <span class='ocrx_word' id='word_1_372' title='bbox 313 3871 381 3917; x_wconf 90' lang='lat' dir='ltr'>quam</span> <span class='ocrx_word' id='word_1_373' title='bbox 394 3857 500 3914; x_wconf 87' lang='lat' dir='ltr'>famulus,</span> <span class='ocrx_word' id='word_1_374' title='bbox 511 3857 592 3918; x_wconf 88' lang='lat' dir='ltr'>positis</span> <span class='ocrx_word' id='word_1_375' title='bbox 607 3858 677 3918; x_wconf 85' lang='lat' dir='ltr'>regiis</span> <span class='ocrx_word' id='word_1_376' title='bbox 703 3857 755 3901; x_wconf 89' lang='lat' dir='ltr'>bem</span> <span class='ocrx_word' id='word_1_377' title='bbox 766 3856 788 3902; x_wconf 91' lang='lat' dir='ltr'>in</span> <span class='ocrx_word' id='word_1_378' title='bbox 800 3855 954 3915; x_wconf 89' lang='lat' dir='ltr'>promontorio</span> <span class='ocrx_word' id='word_1_379' title='bbox 963 3855 1039 3912; x_wconf 84' lang='lat' dir='ltr'>situm,</span> <span class='ocrx_word' id='word_1_380' title='bbox 1048 3856 1153 3916; x_wconf 88' lang='lat' dir='ltr'>liberam,</span> <span class='ocrx_word' id='word_1_381' title='bbox 1166 3857 1241 3905; x_wconf 70' lang='lat' dir='ltr'>forma</span> 
     </span>
     <span class='ocr_line' id='line_1_44' title="bbox 141 3921 1239 3982; baseline 0.005 -17"><span class='ocrx_word' id='word_1_382' title='bbox 141 3921 287 3977; x_wconf 81' lang='lat' dir='ltr'>ornamentis,</span> <span class='ocrx_word' id='word_1_383' title='bbox 297 3923 414 3982; x_wconf 86' lang='lat' dir='ltr'>egreditur</span> <span class='ocrx_word' id='word_1_384' title='bbox 424 3937 437 3967; x_wconf 90' lang='lat' dir='ltr'>e</span> <span class='ocrx_word' id='word_1_385' title='bbox 449 3923 501 3968; x_wconf 86' lang='lat' dir='ltr'>navi</span> <span class='ocrx_word' id='word_1_386' title='bbox 512 3923 535 3968; x_wconf 91' lang='lat' dir='ltr'>in</span> <span class='ocrx_word' id='word_1_387' title='bbox 545 3922 617 3968; x_wconf 85' lang='lat' dir='ltr'>littus.</span> <span class='ocrx_word' id='word_1_388' title='bbox 630 3924 678 3968; x_wconf 81' lang='lat' dir='ltr'>Ad·</span> <span class='ocrx_word' id='word_1_389' title='bbox 702 3921 843 3980; x_wconf 74' lang='lat' dir='ltr'>peninsula:</span> <span class='ocrx_word' id='word_1_390' title='bbox 860 3921 918 3966; x_wconf 92' lang='lat' dir='ltr'>hanc</span> <span class='ocrx_word' id='word_1_391' title='bbox 935 3922 1012 3967; x_wconf 87' lang='lat' dir='ltr'>Dores</span> <span class='ocrx_word' id='word_1_392' title='bbox 1030 3922 1166 3970; x_wconf 86' lang='lat' dir='ltr'>habitarunt</span> <span class='ocrx_word' id='word_1_393' title='bbox 1187 3922 1239 3970; x_wconf 82' lang='lat' dir='ltr'>cu-</span> 
     </span>
     <span class='ocr_line' id='line_1_45' title="bbox 140 3984 1242 4049; baseline 0.004 -18"><span class='ocrx_word' id='word_1_394' title='bbox 140 3986 177 4031; x_wconf 88' lang='lat' dir='ltr'>dit</span> <span class='ocrx_word' id='word_1_395' title='bbox 185 3988 278 4032; x_wconf 72' lang='lat' dir='ltr'>emulus</span> <span class='ocrx_word' id='word_1_396' title='bbox 288 3994 369 4047; x_wconf 83' lang='lat' dir='ltr'>ruptos,</span> <span class='ocrx_word' id='word_1_397' title='bbox 382 3987 448 4046; x_wconf 89' lang='lat' dir='ltr'>quasi</span> <span class='ocrx_word' id='word_1_398' title='bbox 458 3988 480 4032; x_wconf 91' lang='lat' dir='ltr'>in</span> <span class='ocrx_word' id='word_1_399' title='bbox 491 4002 517 4034; x_wconf 91' lang='lat' dir='ltr'>re</span> <span class='ocrx_word' id='word_1_400' title='bbox 528 3987 618 4049; x_wconf 87' lang='lat' dir='ltr'>trepida</span> <span class='ocrx_word' id='word_1_401' title='bbox 625 4002 678 4048; x_wconf 89' lang='lat' dir='ltr'>rap-</span> <span class='ocrx_word' id='word_1_402' title='bbox 702 4000 795 4046; x_wconf 85' lang='lat' dir='ltr'>remque</span> <span class='ocrx_word' id='word_1_403' title='bbox 805 3984 854 4031; x_wconf 85' lang='lat' dir='ltr'>Sole</span> <span class='ocrx_word' id='word_1_404' title='bbox 863 3984 976 4048; x_wconf 74' lang='lat' dir='ltr'>illudere]</span> <span class='ocrx_word' id='word_1_405' title='bbox 994 3984 1091 4033; x_wconf 86' lang='lat' dir='ltr'>Rhodos</span> <span class='ocrx_word' id='word_1_406' title='bbox 1102 3987 1177 4034; x_wconf 82' lang='lat' dir='ltr'>insula</span> <span class='ocrx_word' id='word_1_407' title='bbox 1185 3986 1242 4034; x_wconf 84' lang='lat' dir='ltr'>Car·</span> 
     </span>
     <span class='ocr_line' id='line_1_46' title="bbox 139 4049 1241 4112; baseline 0.004 -16"><span class='ocrx_word' id='word_1_408' title='bbox 139 4051 184 4096; x_wconf 82' lang='lat' dir='ltr'>tim</span> <span class='ocrx_word' id='word_1_409' title='bbox 195 4057 310 4111; x_wconf 85' lang='lat' dir='ltr'>acceptos.</span> <span class='ocrx_word' id='word_1_410' title='bbox 329 4051 434 4097; x_wconf 72' lang='lat' dir='ltr'>Hormus.</span> <span class='ocrx_word' id='word_1_411' title='bbox 703 4051 774 4110; x_wconf 90' lang='lat' dir='ltr'>pathii</span> <span class='ocrx_word' id='word_1_412' title='bbox 784 4050 869 4112; x_wconf 82' lang='lat' dir='ltr'>pelagi,</span> <span class='ocrx_word' id='word_1_413' title='bbox 881 4049 955 4097; x_wconf 85' lang='lat' dir='ltr'>classe</span> <span class='ocrx_word' id='word_1_414' title='bbox 965 4055 1057 4110; x_wconf 88' lang='lat' dir='ltr'>potens,</span> <span class='ocrx_word' id='word_1_415' title='bbox 1068 4051 1158 4099; x_wconf 85' lang='lat' dir='ltr'>Phoebo</span> <span class='ocrx_word' id='word_1_416' title='bbox 1168 4050 1241 4100; x_wconf 89' lang='lat' dir='ltr'>dilec-</span> 
     </span>
    </p>

    <p class='ocr_par' dir='ltr' id='par_1_19' title="bbox 141 4114 1240 4242">
     <span class='ocr_line' id='line_1_47' title="bbox 175 4114 1240 4180; baseline 0.002 -18"><span class='ocrx_word' id='word_1_417' title='bbox 175 4119 230 4166; x_wconf 68' lang='lat'>241.</span> <span class='ocrx_word' id='word_1_418' title='bbox 249 4114 339 4176; x_wconf 73' lang='lat' dir='ltr'>laqrem</span> <span class='ocrx_word' id='word_1_419' title='bbox 356 4116 464 4162; x_wconf 81' lang='lat' dir='ltr'>siruulure</span> <span class='ocrx_word' id='word_1_420' title='bbox 481 4115 598 4180; x_wconf 76' lang='lat' dir='ltr'>tyranne]</span> <span class='ocrx_word' id='word_1_421' title='bbox 616 4115 678 4177; x_wconf 85' lang='lat' dir='ltr'>Regi</span> <span class='ocrx_word' id='word_1_422' title='bbox 703 4121 742 4160; x_wconf 87' lang='lat' dir='ltr'>ta:</span> <span class='ocrx_word' id='word_1_423' title='bbox 760 4114 812 4160; x_wconf 89' lang='lat' dir='ltr'>hinc</span> <span class='ocrx_word' id='word_1_424' title='bbox 824 4123 847 4161; x_wconf 90' lang='lat' dir='ltr'>et</span> <span class='ocrx_word' id='word_1_425' title='bbox 858 4115 955 4162; x_wconf 85' lang='lat' dir='ltr'>Colosso</span> <span class='ocrx_word' id='word_1_426' title='bbox 964 4121 989 4161; x_wconf 89' lang='lat' dir='ltr'>et</span> <span class='ocrx_word' id='word_1_427' title='bbox 997 4116 1085 4175; x_wconf 84' lang='lat' dir='ltr'>templo</span> <span class='ocrx_word' id='word_1_428' title='bbox 1098 4116 1183 4163; x_wconf 84' lang='lat' dir='ltr'>Phoebi</span> <span class='ocrx_word' id='word_1_429' title='bbox 1192 4117 1240 4164; x_wconf 76' lang='lat' dir='ltr'>els-</span> 
     </span>
     <span class='ocr_line' id='line_1_48' title="bbox 141 4177 1238 4242; baseline -0.001 -15"><span class='ocrx_word' id='word_1_430' title='bbox 141 4196 258 4227; x_wconf 86' lang='lat' dir='ltr'>assumere</span> <span class='ocrx_word' id='word_1_431' title='bbox 269 4181 370 4227; x_wconf 86' lang='lat' dir='ltr'>habitum</span> <span class='ocrx_word' id='word_1_432' title='bbox 381 4180 498 4241; x_wconf 84' lang='lat' dir='ltr'>pauperis.</span> <span class='ocrx_word' id='word_1_433' title='bbox 702 4194 736 4225; x_wconf 84' lang='lat' dir='ltr'>ra.</span> <span class='ocrx_word' id='word_1_434' title='bbox 755 4177 858 4228; x_wconf 71' lang='lat' dir='ltr'>Heraeus.</span> <span class='ocrx_word' id='word_1_435' title='bbox 872 4180 1015 4241; x_wconf 81' lang='lat' dir='ltr'>Clarumque,</span> <span class='ocrx_word' id='word_1_436' title='bbox 1026 4179 1083 4242; x_wconf 72' lang='lat' dir='ltr'>dra]</span> <span class='ocrx_word' id='word_1_437' title='bbox 1100 4181 1151 4227; x_wconf 82' lang='lat' dir='ltr'>Lib.</span> <span class='ocrx_word' id='word_1_438' title='bbox 1168 4182 1191 4229; x_wconf 83' lang='lat'>5.</span> <span class='ocrx_word' id='word_1_439' title='bbox 1203 4197 1238 4230; x_wconf 86' lang='lat' dir='ltr'>vs.</span> 
     </span>
    </p>

    <p class='ocr_par' dir='ltr' id='par_1_20' title="bbox 142 4245 1269 4438">
     <span class='ocr_line' id='line_1_49' title="bbox 175 4245 1229 4310; baseline 0 -19"><span class='ocrx_word' id='word_1_440' title='bbox 175 4249 230 4293; x_wconf 72' lang='lat'>243.</span> <span class='ocrx_word' id='word_1_441' title='bbox 250 4245 458 4293; x_wconf 78' lang='lat' dir='ltr'>Demiuolnlltore</span> <span class='ocrx_word' id='word_1_442' title='bbox 474 4245 546 4310; x_wconf 85' lang='lat' dir='ltr'>rege]</span> <span class='ocrx_word' id='word_1_443' title='bbox 564 4245 678 4306; x_wconf 81' lang='lat' dir='ltr'>Exposita</span> <span class='ocrx_word' id='word_1_444' title='bbox 704 4247 743 4294; x_wconf 86' lang='lat'>51.</span> <span class='ocrx_word' id='word_1_445' title='bbox 1226 4281 1229 4284; x_wconf 81' lang='lat'><strong>.</strong></span> 
     </span>
     <span class='ocr_line' id='line_1_50' title="bbox 143 4308 1239 4372; baseline 0.001 -17"><span class='ocrx_word' id='word_1_446' title='bbox 143 4311 253 4357; x_wconf 86' lang='lat' dir='ltr'>Deiotaro</span> <span class='ocrx_word' id='word_1_447' title='bbox 264 4326 316 4357; x_wconf 87' lang='lat' dir='ltr'>curn</span> <span class='ocrx_word' id='word_1_448' title='bbox 330 4311 442 4361; x_wconf 86' lang='lat' dir='ltr'>mandatis</span> <span class='ocrx_word' id='word_1_449' title='bbox 453 4312 482 4359; x_wconf 86' lang='lat' dir='ltr'>ad</span> <span class='ocrx_word' id='word_1_450' title='bbox 493 4311 600 4370; x_wconf 86' lang='lat' dir='ltr'>Parthos,</span> <span class='ocrx_word' id='word_1_451' title='bbox 611 4311 635 4358; x_wconf 91' lang='lat' dir='ltr'>iu</span> <span class='ocrx_word' id='word_1_452' title='bbox 651 4311 678 4359; x_wconf 89' lang='lat' dir='ltr'>li·</span> <span class='ocrx_word' id='word_1_453' title='bbox 736 4312 792 4357; x_wconf 70' lang='grc'><strong>248.</strong></span> <span class='ocrx_word' id='word_1_454' title='bbox 800 4308 875 4357; x_wconf 68' lang='lat' dir='ltr'>‘Sinus</span> <span class='ocrx_word' id='word_1_455' title='bbox 885 4308 1043 4372; x_wconf 72' lang='lat' dir='ltr'>Telmessidos]</span> <span class='ocrx_word' id='word_1_456' title='bbox 1059 4309 1136 4366; x_wconf 79' lang='lat' dir='ltr'>Sinus,</span> <span class='ocrx_word' id='word_1_457' title='bbox 1147 4309 1239 4356; x_wconf 79' lang='lat' dir='ltr'>ad&#39;l&#39;el-</span> 
     </span>
     <span class='ocr_line' id='line_1_51' title="bbox 142 4372 1269 4438; baseline 0.004 -17"><span class='ocrx_word' id='word_1_458' title='bbox 142 4382 192 4422; x_wconf 86' lang='lat' dir='ltr'>tora</span> <span class='ocrx_word' id='word_1_459' title='bbox 205 4374 313 4423; x_wconf 76' lang='lat' dir='ltr'>Asiatico.</span> <span class='ocrx_word' id='word_1_460' title='bbox 628 4402 636 4410; x_wconf 56' lang='grc'><strong>’</strong></span> <span class='ocrx_word' id='word_1_461' title='bbox 699 4388 805 4426; x_wconf 70' lang='lat' dir='ltr'>neuun</span> <span class='ocrx_word' id='word_1_462' title='bbox 816 4375 1020 4438; x_wconf 57' lang='lat' dir='ltr'>oppidulum</span> <span class='ocrx_word' id='word_1_463' title='bbox 1038 4372 1182 4425; x_wconf 57' lang='lat' dir='ltr'>Telmedius</span> <span class='ocrx_word' id='word_1_464' title='bbox 1190 4386 1239 4424; x_wconf 67' lang='lat' dir='ltr'>ttu-</span> <span class='ocrx_word' id='word_1_465' title='bbox 1265 4431 1269 4437; x_wconf 27' lang='lat'>⁸</span> 
     </span>
    </p>
   </div>
   <div class='ocr_carea' id='block_1_6' title="bbox 0 0 1399 4860">
    <p class='ocr_par' dir='ltr' id='par_1_21' title="bbox 0 0 1399 4860">
     <span class='ocr_line' id='line_1_52' title="bbox 0 0 1399 4860; baseline 0 0"><span class='ocrx_word' id='word_1_466' title='bbox 0 0 1399 4860; x_wconf 95' lang='lat' dir='ltr'> </span> 
     </span>
    </p>
   </div>
  </div>
 </body>
</html>
