<?xml version="1.0" encoding="UTF-8"?>
<!DOCTYPE html PUBLIC "-//W3C//DTD XHTML 1.0 Transitional//EN"
    "http://www.w3.org/TR/xhtml1/DTD/xhtml1-transitional.dtd">
<html xmlns="http://www.w3.org/1999/xhtml" xml:lang="en" lang="en">
 <head>
  <title>
</title>
<meta http-equiv="Content-Type" content="text/html;charset=utf-8" />
  <meta name='ocr-system' content='tesseract 3.04.00' />
  <meta name='ocr-capabilities' content='ocr_page ocr_carea ocr_par ocr_line ocrx_word'/>
</head>
<body>
  <div class='ocr_page' id='page_1' title='image "./mannaeuslucanus00grotgoog/mannaeuslucanus00grotgoog_0048.png"; bbox 0 0 2784 4860; ppageno 0'>
   <div class='ocr_carea' id='block_1_1' title="bbox 318 311 1259 483">
    <p class='ocr_par' dir='ltr' id='par_1_1' title="bbox 318 311 1259 483">
     <span class='ocr_line' id='line_1_1' title="bbox 318 311 1259 483; baseline 0.011 -45"><span class='ocrx_word' id='word_1_1' title='bbox 318 357 578 483; x_wconf 17' lang='lat' dir='ltr'>‚cervinis</span> <span class='ocrx_word' id='word_1_2' title='bbox 621 360 802 440; x_wconf 78' lang='lat' dir='ltr'>asam</span> <span class='ocrx_word' id='word_1_3' title='bbox 843 311 1019 442; x_wconf 83' lang='lat' dir='ltr'>arar.</span> <span class='ocrx_word' id='word_1_4' title='bbox 1204 356 1259 448; x_wconf 61' lang='lat' dir='ltr'>ar*</span> 
     </span>
    </p>
   </div>
   <div class='ocr_carea' id='block_1_2' title="bbox 135 542 1257 2514">
    <p class='ocr_par' dir='ltr' id='par_1_2' title="bbox 140 542 1142 632">
     <span class='ocr_line' id='line_1_2' title="bbox 140 542 1142 632; baseline 0.005 -20"><span class='ocrx_word' id='word_1_5' title='bbox 140 542 251 614; x_wconf 84' lang='lat' dir='ltr'>Jassa</span> <span class='ocrx_word' id='word_1_6' title='bbox 264 547 363 631; x_wconf 90' lang='lat' dir='ltr'>sequi</span> <span class='ocrx_word' id='word_1_7' title='bbox 377 551 447 612; x_wconf 83' lang='lat' dir='ltr'>tam</span> <span class='ocrx_word' id='word_1_8' title='bbox 461 564 567 632; x_wconf 86' lang='lat' dir='ltr'>posse</span> <span class='ocrx_word' id='word_1_9' title='bbox 581 547 676 625; x_wconf 90' lang='lat' dir='ltr'>mihi,</span> <span class='ocrx_word' id='word_1_10' title='bbox 700 560 803 632; x_wconf 85' lang='lat' dir='ltr'>quam</span> <span class='ocrx_word' id='word_1_11' title='bbox 817 549 906 614; x_wconf 85' lang='lat' dir='ltr'>velle</span> <span class='ocrx_word' id='word_1_12' title='bbox 920 566 1065 616; x_wconf 86' lang='lat' dir='ltr'>necesse</span> <span class='ocrx_word' id='word_1_13' title='bbox 1078 554 1142 617; x_wconf 88' lang='lat' dir='ltr'>est.</span> 
     </span>
    </p>

    <p class='ocr_par' dir='ltr' id='par_1_3' title="bbox 142 649 1062 743">
     <span class='ocr_line' id='line_1_3' title="bbox 142 649 1062 743; baseline 0.005 -21"><span class='ocrx_word' id='word_1_14' title='bbox 142 657 220 723; x_wconf 87' lang='lat' dir='ltr'>Nec</span> <span class='ocrx_word' id='word_1_15' title='bbox 237 658 324 723; x_wconf 87' lang='lat' dir='ltr'>civis</span> <span class='ocrx_word' id='word_1_16' title='bbox 338 676 436 723; x_wconf 87' lang='lat' dir='ltr'>meus</span> <span class='ocrx_word' id='word_1_17' title='bbox 450 649 514 736; x_wconf 83' lang='lat' dir='ltr'>est,</span> <span class='ocrx_word' id='word_1_18' title='bbox 537 659 573 722; x_wconf 89' lang='lat' dir='ltr'>in</span> <span class='ocrx_word' id='word_1_19' title='bbox 588 678 690 743; x_wconf 88' lang='lat' dir='ltr'>quem</span> <span class='ocrx_word' id='word_1_20' title='bbox 704 663 765 723; x_wconf 87' lang='lat' dir='ltr'>tua</span> <span class='ocrx_word' id='word_1_21' title='bbox 780 659 928 725; x_wconf 86' lang='lat' dir='ltr'>classica</span> <span class='ocrx_word' id='word_1_22' title='bbox 943 659 1062 727; x_wconf 77' lang='lat' dir='ltr'>Caesar</span> 
     </span>
    </p>

    <p class='ocr_par' dir='ltr' id='par_1_4' title="bbox 140 767 908 853">
     <span class='ocr_line' id='line_1_4' title="bbox 140 767 908 853; baseline 0.003 -21"><span class='ocrx_word' id='word_1_23' title='bbox 140 767 306 833; x_wconf 87' lang='lat' dir='ltr'>Audiero.</span> <span class='ocrx_word' id='word_1_24' title='bbox 321 789 383 853; x_wconf 90' lang='lat' dir='ltr'>per</span> <span class='ocrx_word' id='word_1_25' title='bbox 397 768 496 852; x_wconf 81' lang='lat' dir='ltr'>signa</span> <span class='ocrx_word' id='word_1_26' title='bbox 510 769 630 834; x_wconf 86' lang='lat' dir='ltr'>decem</span> <span class='ocrx_word' id='word_1_27' title='bbox 644 768 908 848; x_wconf 59' lang='lat' dir='ltr'>feliciensem,</span> 
     </span>
    </p>

    <p class='ocr_par' dir='ltr' id='par_1_5' title="bbox 139 877 1251 1075">
     <span class='ocr_line' id='line_1_5' title="bbox 140 877 1251 966; baseline 0.007 -23"><span class='ocrx_word' id='word_1_28' title='bbox 140 877 276 962; x_wconf 86' lang='lat' dir='ltr'>Perque</span> <span class='ocrx_word' id='word_1_29' title='bbox 291 884 369 944; x_wconf 90' lang='lat' dir='ltr'>tuas</span> <span class='ocrx_word' id='word_1_30' title='bbox 379 880 460 964; x_wconf 83' lang='lat' dir='ltr'>juro</span> <span class='ocrx_word' id='word_1_31' title='bbox 475 899 693 964; x_wconf 86' lang='lat' dir='ltr'>quocumque</span> <span class='ocrx_word' id='word_1_32' title='bbox 708 899 754 944; x_wconf 87' lang='lat' dir='ltr'>ex</span> <span class='ocrx_word' id='word_1_33' title='bbox 767 879 865 962; x_wconf 81' lang='lat' dir='ltr'>hoste</span> <span class='ocrx_word' id='word_1_34' title='bbox 879 881 1089 966; x_wconf 61' lang='lat' dir='ltr'>triumphem</span> <span class='ocrx_word' id='word_1_35' title='bbox 1108 921 1118 964; x_wconf 70' lang='grc' dir='ltr'>χ</span> <span class='ocrx_word' id='word_1_36' title='bbox 1184 883 1251 950; x_wconf 78' lang='grc'>375</span> 
     </span>
     <span class='ocr_line' id='line_1_6' title="bbox 139 967 1021 1075; baseline 0.007 -23"><span class='ocrx_word' id='word_1_37' title='bbox 139 986 286 1054; x_wconf 83' lang='lat' dir='ltr'>Pectore</span> <span class='ocrx_word' id='word_1_38' title='bbox 302 991 333 1054; x_wconf 88' lang='lat' dir='ltr'>si</span> <span class='ocrx_word' id='word_1_39' title='bbox 351 986 466 1055; x_wconf 84' lang='lat' dir='ltr'>fratris</span> <span class='ocrx_word' id='word_1_40' title='bbox 480 991 641 1072; x_wconf 86' lang='lat' dir='ltr'><strong>gladium,</strong></span> <span class='ocrx_word' id='word_1_41' title='bbox 660 967 849 1075; x_wconf 76' lang='lat' dir='ltr'>juguloque</span> <span class='ocrx_word' id='word_1_42' title='bbox 870 991 1021 1075; x_wconf 86' lang='lat' dir='ltr'>parentis</span> 
     </span>
    </p>

    <p class='ocr_par' dir='ltr' id='par_1_6' title="bbox 141 1097 1041 1186">
     <span class='ocr_line' id='line_1_7' title="bbox 141 1097 1041 1186; baseline 0.004 -23"><span class='ocrx_word' id='word_1_43' title='bbox 141 1097 297 1166; x_wconf 78' lang='lat' dir='ltr'>Condere</span> <span class='ocrx_word' id='word_1_44' title='bbox 311 1122 366 1166; x_wconf 90' lang='lat' dir='ltr'>me</span> <span class='ocrx_word' id='word_1_45' title='bbox 381 1102 518 1186; x_wconf 75' lang='lat' dir='ltr'>jubeam,</span> <span class='ocrx_word' id='word_1_46' title='bbox 542 1103 722 1186; x_wconf 73' lang='lat' dir='ltr'>plenaque</span> <span class='ocrx_word' id='word_1_47' title='bbox 741 1103 777 1167; x_wconf 90' lang='lat' dir='ltr'>in</span> <span class='ocrx_word' id='word_1_48' title='bbox 790 1102 926 1167; x_wconf 85' lang='lat' dir='ltr'>viscera</span> <span class='ocrx_word' id='word_1_49' title='bbox 940 1108 1041 1186; x_wconf 84' lang='lat' dir='ltr'>partu</span> 
     </span>
    </p>

    <p class='ocr_par' dir='ltr' id='par_1_7' title="bbox 140 1209 1034 1297">
     <span class='ocr_line' id='line_1_8' title="bbox 140 1209 1034 1297; baseline 0.003 -22"><span class='ocrx_word' id='word_1_50' title='bbox 140 1209 317 1297; x_wconf 79' lang='lat' dir='ltr'>Conjugis,</span> <span class='ocrx_word' id='word_1_51' title='bbox 340 1213 448 1278; x_wconf 86' lang='lat' dir='ltr'>invita</span> <span class='ocrx_word' id='word_1_52' title='bbox 462 1224 623 1296; x_wconf 77' lang='lat' dir='ltr'>peragam</span> <span class='ocrx_word' id='word_1_53' title='bbox 638 1220 752 1278; x_wconf 86' lang='lat' dir='ltr'>tamen</span> <span class='ocrx_word' id='word_1_54' title='bbox 767 1214 882 1278; x_wconf 86' lang='lat' dir='ltr'>omnia</span> <span class='ocrx_word' id='word_1_55' title='bbox 902 1213 1034 1280; x_wconf 65' lang='lat' dir='ltr'>derha.</span> 
     </span>
    </p>

    <p class='ocr_par' dir='ltr' id='par_1_8' title="bbox 139 1310 1036 1410">
     <span class='ocr_line' id='line_1_9' title="bbox 139 1310 1036 1410; baseline 0.008 -24"><span class='ocrx_word' id='word_1_56' title='bbox 139 1320 177 1385; x_wconf 89' lang='lat' dir='ltr'>Si</span> <span class='ocrx_word' id='word_1_57' title='bbox 194 1325 343 1406; x_wconf 87' lang='lat' dir='ltr'>spoliare</span> <span class='ocrx_word' id='word_1_58' title='bbox 359 1324 467 1401; x_wconf 88' lang='lat' dir='ltr'>Deos,</span> <span class='ocrx_word' id='word_1_59' title='bbox 491 1310 670 1408; x_wconf 81' lang='lat' dir='ltr'>ignemqae</span> <span class='ocrx_word' id='word_1_60' title='bbox 691 1325 870 1392; x_wconf 88' lang='lat' dir='ltr'>immittere</span> <span class='ocrx_word' id='word_1_61' title='bbox 885 1326 1036 1410; x_wconf 68' lang='lat' dir='ltr'>templis</span> 
     </span>
    </p>

    <p class='ocr_par' dir='ltr' id='par_1_9' title="bbox 137 1430 1257 1739">
     <span class='ocr_line' id='line_1_10' title="bbox 139 1430 1257 1506; baseline 0.008 -9"><span class='ocrx_word' id='word_1_62' title='bbox 139 1430 292 1498; x_wconf 83' lang='lat' dir='ltr'><strong>Numina</strong></span> <span class='ocrx_word' id='word_1_63' title='bbox 305 1435 466 1500; x_wconf 89' lang='lat' dir='ltr'>miscebit</span> <span class='ocrx_word' id='word_1_64' title='bbox 480 1437 664 1500; x_wconf 87' lang='lat' dir='ltr'>castrensis</span> <span class='ocrx_word' id='word_1_65' title='bbox 678 1435 815 1501; x_wconf 83' lang='lat' dir='ltr'>flamma</span> <span class='ocrx_word' id='word_1_66' title='bbox 831 1437 1000 1502; x_wconf 84' lang='lat' dir='ltr'>Monetae:</span> <span class='ocrx_word' id='word_1_67' title='bbox 1033 1453 1035 1459; x_wconf 60' lang='lat'><strong>⁴</strong></span> <span class='ocrx_word' id='word_1_68' title='bbox 1183 1439 1257 1506; x_wconf 71' lang='grc'>360</span> 
     </span>
     <span class='ocr_line' id='line_1_11' title="bbox 138 1532 1248 1630; baseline 0.005 -23"><span class='ocrx_word' id='word_1_69' title='bbox 138 1541 261 1608; x_wconf 80' lang='lat' dir='ltr'>Castra</span> <span class='ocrx_word' id='word_1_70' title='bbox 276 1564 379 1628; x_wconf 90' lang='lat' dir='ltr'>super</span> <span class='ocrx_word' id='word_1_71' title='bbox 393 1544 524 1610; x_wconf 83' lang='lat' dir='ltr'>Thusci</span> <span class='ocrx_word' id='word_1_72' title='bbox 545 1547 575 1609; x_wconf 92' lang='lat' dir='ltr'>si</span> <span class='ocrx_word' id='word_1_73' title='bbox 590 1567 716 1630; x_wconf 89' lang='lat' dir='ltr'>ponere</span> <span class='ocrx_word' id='word_1_74' title='bbox 738 1547 899 1630; x_wconf 84' lang='lat' dir='ltr'>Tybridis</span> <span class='ocrx_word' id='word_1_75' title='bbox 918 1547 1040 1625; x_wconf 73' lang='lat' dir='ltr'>undam,</span> <span class='ocrx_word' id='word_1_76' title='bbox 1246 1532 1248 1535; x_wconf 29' lang='lat'>⁵</span> 
     </span>
     <span class='ocr_line' id='line_1_12' title="bbox 137 1641 961 1739; baseline 0.002 -21"><span class='ocrx_word' id='word_1_77' title='bbox 137 1641 331 1738; x_wconf 80' lang='lat' dir='ltr'>Hesperios</span> <span class='ocrx_word' id='word_1_78' title='bbox 351 1656 467 1720; x_wconf 86' lang='lat' dir='ltr'>audax</span> <span class='ocrx_word' id='word_1_79' title='bbox 486 1657 623 1720; x_wconf 85' lang='lat' dir='ltr'>veniam</span> <span class='ocrx_word' id='word_1_80' title='bbox 637 1661 781 1720; x_wconf 83' lang='lat' dir='ltr'>metator</span> <span class='ocrx_word' id='word_1_81' title='bbox 794 1657 831 1720; x_wconf 89' lang='lat' dir='ltr'>in</span> <span class='ocrx_word' id='word_1_82' title='bbox 850 1675 961 1739; x_wconf 78' lang='lat' dir='ltr'>agros</span> 
     </span>
    </p>

    <p class='ocr_par' dir='ltr' id='par_1_10' title="bbox 136 1753 1124 1849">
     <span class='ocr_line' id='line_1_13' title="bbox 136 1753 1124 1849; baseline 0.007 -21"><span class='ocrx_word' id='word_1_83' title='bbox 136 1763 192 1828; x_wconf 89' lang='lat' dir='ltr'>Tu</span> <span class='ocrx_word' id='word_1_84' title='bbox 206 1785 441 1849; x_wconf 87' lang='lat' dir='ltr'>quoscumque</span> <span class='ocrx_word' id='word_1_85' title='bbox 459 1766 556 1830; x_wconf 87' lang='lat' dir='ltr'>voles</span> <span class='ocrx_word' id='word_1_86' title='bbox 571 1767 607 1828; x_wconf 90' lang='lat' dir='ltr'>in</span> <span class='ocrx_word' id='word_1_87' title='bbox 626 1767 766 1849; x_wconf 83' lang='lat' dir='ltr'>planum</span> <span class='ocrx_word' id='word_1_88' title='bbox 787 1767 957 1833; x_wconf 73' lang='lat' dir='ltr'>effimdere</span> <span class='ocrx_word' id='word_1_89' title='bbox 972 1788 1098 1848; x_wconf 87' lang='lat' dir='ltr'>muros,</span> <span class='ocrx_word' id='word_1_90' title='bbox 1121 1753 1124 1757; x_wconf 39' lang='lat'><strong>⁴</strong></span> 
     </span>
    </p>

    <p class='ocr_par' dir='ltr' id='par_1_11' title="bbox 136 1873 887 1960">
     <span class='ocr_line' id='line_1_14' title="bbox 136 1873 887 1960; baseline 0.005 -22"><span class='ocrx_word' id='word_1_91' title='bbox 136 1873 207 1939; x_wconf 89' lang='lat' dir='ltr'>His</span> <span class='ocrx_word' id='word_1_92' title='bbox 222 1877 311 1941; x_wconf 88' lang='lat' dir='ltr'>aries</span> <span class='ocrx_word' id='word_1_93' title='bbox 329 1881 427 1941; x_wconf 87' lang='lat' dir='ltr'>actus</span> <span class='ocrx_word' id='word_1_94' title='bbox 442 1876 615 1960; x_wconf 84' lang='lat' dir='ltr'>disperget</span> <span class='ocrx_word' id='word_1_95' title='bbox 629 1896 717 1942; x_wconf 85' lang='lat' dir='ltr'>saxa</span> <span class='ocrx_word' id='word_1_96' title='bbox 730 1879 887 1944; x_wconf 87' lang='lat' dir='ltr'>lacertis:</span> 
     </span>
    </p>

    <p class='ocr_par' dir='ltr' id='par_1_12' title="bbox 135 1984 1248 2293">
     <span class='ocr_line' id='line_1_15' title="bbox 136 1984 1248 2073; baseline 0.005 -23"><span class='ocrx_word' id='word_1_97' title='bbox 136 1985 204 2050; x_wconf 85' lang='lat' dir='ltr'>Illa</span> <span class='ocrx_word' id='word_1_98' title='bbox 217 1987 310 2063; x_wconf 87' lang='lat' dir='ltr'>licet,</span> <span class='ocrx_word' id='word_1_99' title='bbox 333 1984 470 2071; x_wconf 81' lang='lat' dir='ltr'>penitus</span> <span class='ocrx_word' id='word_1_100' title='bbox 484 1987 559 2051; x_wconf 90' lang='lat' dir='ltr'>tolli</span> <span class='ocrx_word' id='word_1_101' title='bbox 581 2007 684 2070; x_wconf 85' lang='lat' dir='ltr'>quam</span> <span class='ocrx_word' id='word_1_102' title='bbox 699 1987 848 2072; x_wconf 85' lang='lat' dir='ltr'>jusseris</span> <span class='ocrx_word' id='word_1_103' title='bbox 867 1989 997 2069; x_wconf 87' lang='lat' dir='ltr'>urbem,</span> <span class='ocrx_word' id='word_1_104' title='bbox 1181 1992 1248 2073; x_wconf 74' lang='lat'>386</span> 
     </span>
     <span class='ocr_line' id='line_1_16' title="bbox 135 2095 1073 2182; baseline 0.007 -21"><span class='ocrx_word' id='word_1_105' title='bbox 135 2095 250 2162; x_wconf 85' lang='lat' dir='ltr'>Roma</span> <span class='ocrx_word' id='word_1_106' title='bbox 264 2098 320 2162; x_wconf 89' lang='lat' dir='ltr'>sit.</span> <span class='ocrx_word' id='word_1_107' title='bbox 366 2097 436 2162; x_wconf 86' lang='lat' dir='ltr'>His</span> <span class='ocrx_word' id='word_1_108' title='bbox 448 2102 580 2163; x_wconf 82' lang='lat' dir='ltr'>cunctae</span> <span class='ocrx_word' id='word_1_109' title='bbox 593 2099 695 2163; x_wconf 85' lang='lat' dir='ltr'>simul</span> <span class='ocrx_word' id='word_1_110' title='bbox 710 2118 887 2164; x_wconf 80' lang='lat' dir='ltr'>assensere</span> <span class='ocrx_word' id='word_1_111' title='bbox 904 2100 1073 2182; x_wconf 81' lang='lat' dir='ltr'>cohortes,</span> 
     </span>
     <span class='ocr_line' id='line_1_17' title="bbox 136 2206 1011 2293; baseline 0.005 -21"><span class='ocrx_word' id='word_1_112' title='bbox 136 2206 323 2292; x_wconf 83' lang='lat' dir='ltr'>Elatasque</span> <span class='ocrx_word' id='word_1_113' title='bbox 339 2210 418 2286; x_wconf 84' lang='lat' dir='ltr'>alte,</span> <span class='ocrx_word' id='word_1_114' title='bbox 443 2228 669 2293; x_wconf 85' lang='lat' dir='ltr'>quaecumque</span> <span class='ocrx_word' id='word_1_115' title='bbox 689 2209 734 2272; x_wconf 86' lang='lat' dir='ltr'>ad</span> <span class='ocrx_word' id='word_1_116' title='bbox 748 2210 841 2274; x_wconf 85' lang='lat' dir='ltr'>bella</span> <span class='ocrx_word' id='word_1_117' title='bbox 859 2217 1011 2290; x_wconf 84' lang='lat' dir='ltr'>vocaret,</span> 
     </span>
    </p>

    <p class='ocr_par' dir='ltr' id='par_1_13' title="bbox 135 2317 1055 2400">
     <span class='ocr_line' id='line_1_18' title="bbox 135 2317 1055 2400; baseline 0.005 -18"><span class='ocrx_word' id='word_1_118' title='bbox 135 2317 328 2384; x_wconf 88' lang='lat' dir='ltr'>Promisere</span> <span class='ocrx_word' id='word_1_119' title='bbox 345 2339 477 2384; x_wconf 87' lang='lat' dir='ltr'>manus.</span> <span class='ocrx_word' id='word_1_120' title='bbox 523 2319 557 2384; x_wconf 93' lang='lat' dir='ltr'>It</span> <span class='ocrx_word' id='word_1_121' title='bbox 570 2325 684 2384; x_wconf 86' lang='lat' dir='ltr'>tantus</span> <span class='ocrx_word' id='word_1_122' title='bbox 704 2320 748 2384; x_wconf 85' lang='lat' dir='ltr'>ad</span> <span class='ocrx_word' id='word_1_123' title='bbox 769 2319 896 2385; x_wconf 85' lang='lat' dir='ltr'>aethera</span> <span class='ocrx_word' id='word_1_124' title='bbox 915 2322 1055 2400; x_wconf 87' lang='lat' dir='ltr'>clamor,</span> 
     </span>
    </p>

    <p class='ocr_par' dir='ltr' id='par_1_14' title="bbox 138 2427 1022 2514">
     <span class='ocr_line' id='line_1_19' title="bbox 138 2427 1022 2514; baseline 0.005 -20"><span class='ocrx_word' id='word_1_125' title='bbox 138 2427 309 2508; x_wconf 81' lang='lat' dir='ltr'>Quantas,</span> <span class='ocrx_word' id='word_1_126' title='bbox 336 2431 474 2514; x_wconf 84' lang='lat' dir='ltr'>piniferi</span> <span class='ocrx_word' id='word_1_127' title='bbox 490 2431 621 2495; x_wconf 87' lang='lat' dir='ltr'>Boreas</span> <span class='ocrx_word' id='word_1_128' title='bbox 643 2449 721 2495; x_wconf 89' lang='lat' dir='ltr'>cum</span> <span class='ocrx_word' id='word_1_129' title='bbox 736 2430 904 2495; x_wconf 84' lang='lat' dir='ltr'>Thracius</span> <span class='ocrx_word' id='word_1_130' title='bbox 921 2430 1022 2498; x_wconf 86' lang='lat' dir='ltr'>Ossae</span> 
     </span>
    </p>
   </div>
   <div class='ocr_carea' id='block_1_3' title="bbox 134 2589 1249 2719">
    <p class='ocr_par' dir='ltr' id='par_1_15' title="bbox 134 2589 1249 2719">
     <span class='ocr_line' id='line_1_20' title="bbox 134 2589 1249 2656; baseline 0.004 -16"><span class='ocrx_word' id='word_1_131' title='bbox 134 2590 257 2648; x_wconf 68' lang='lat' dir='ltr'>maalle,</span> <span class='ocrx_word' id='word_1_132' title='bbox 272 2605 342 2653; x_wconf 80' lang='lat' dir='ltr'>posse.</span> <span class='ocrx_word' id='word_1_133' title='bbox 405 2593 453 2638; x_wconf 80' lang='lat'>381</span> <span class='ocrx_word' id='word_1_134' title='bbox 465 2591 543 2655; x_wconf 75' lang='lat' dir='ltr'>Signa.</span> <span class='ocrx_word' id='word_1_135' title='bbox 609 2593 658 2640; x_wconf 83' lang='grc'>384</span> <span class='ocrx_word' id='word_1_136' title='bbox 669 2591 788 2651; x_wconf 73' lang='lat' dir='ltr'>disperdet.</span> <span class='ocrx_word' id='word_1_137' title='bbox 842 2593 890 2640; x_wconf 83' lang='grc'>386</span> <span class='ocrx_word' id='word_1_138' title='bbox 902 2589 988 2656; x_wconf 76' lang='lat' dir='ltr'>Hisque</span> <span class='ocrx_word' id='word_1_139' title='bbox 1005 2593 1074 2642; x_wconf 78' lang='lat' dir='ltr'>timul</span> <span class='ocrx_word' id='word_1_140' title='bbox 1091 2603 1188 2655; x_wconf 73' lang='lat' dir='ltr'>caamae,</span> <span class='ocrx_word' id='word_1_141' title='bbox 1204 2595 1249 2648; x_wconf 79' lang='lat' dir='ltr'>His</span> 
     </span>
     <span class='ocr_line' id='line_1_21' title="bbox 490 2656 881 2719; baseline 0.01 -17"><span class='ocrx_word' id='word_1_142' title='bbox 490 2656 668 2719; x_wconf 79' lang='lat' dir='ltr'>jaactasimat</span> <span class='ocrx_word' id='word_1_143' title='bbox 733 2658 782 2703; x_wconf 82' lang='grc'>388</span> <span class='ocrx_word' id='word_1_144' title='bbox 792 2657 818 2703; x_wconf 81' lang='lat' dir='ltr'>ia</span> <span class='ocrx_word' id='word_1_145' title='bbox 828 2657 881 2706; x_wconf 71' lang='lat' dir='ltr'>eth.</span> 
     </span>
    </p>
   </div>
   <div class='ocr_carea' id='block_1_4' title="bbox 132 2765 1307 2893">
    <p class='ocr_par' dir='ltr' id='par_1_16' title="bbox 132 2765 1307 2893">
     <span class='ocr_line' id='line_1_22' title="bbox 132 2765 1307 2837; baseline 0.003 -18"><span class='ocrx_word' id='word_1_146' title='bbox 132 2769 217 2832; x_wconf 77' lang='lat' dir='ltr'>nam}</span> <span class='ocrx_word' id='word_1_147' title='bbox 239 2771 275 2818; x_wconf 76' lang='lat' dir='ltr'>Pl.</span> <span class='ocrx_word' id='word_1_148' title='bbox 288 2772 438 2820; x_wconf 86' lang='lat' dir='ltr'>vorticosam.</span> <span class='ocrx_word' id='word_1_149' title='bbox 467 2770 568 2818; x_wconf 85' lang='lat' dir='ltr'>Galliam</span> <span class='ocrx_word' id='word_1_150' title='bbox 588 2787 601 2816; x_wconf 90' lang='lat' dir='ltr'>a</span> <span class='ocrx_word' id='word_1_151' title='bbox 621 2772 680 2817; x_wconf 89' lang='lat' dir='ltr'>Ger·</span> <span class='ocrx_word' id='word_1_152' title='bbox 704 2778 809 2832; x_wconf 84' lang='lat' dir='ltr'>puerant,</span> <span class='ocrx_word' id='word_1_153' title='bbox 826 2769 875 2816; x_wconf 82' lang='lat' dir='ltr'>suis</span> <span class='ocrx_word' id='word_1_154' title='bbox 890 2770 993 2819; x_wconf 88' lang='lat' dir='ltr'>donariis</span> <span class='ocrx_word' id='word_1_155' title='bbox 1003 2786 1051 2819; x_wconf 90' lang='lat' dir='ltr'>non</span> <span class='ocrx_word' id='word_1_156' title='bbox 1063 2771 1182 2822; x_wconf 82' lang='lat' dir='ltr'>verebitur</span> <span class='ocrx_word' id='word_1_157' title='bbox 1193 2777 1247 2837; x_wconf 74' lang='lat' dir='ltr'>spo·</span> <span class='ocrx_word' id='word_1_158' title='bbox 1300 2765 1307 2778; x_wconf 45' lang='lat'>⁸</span> 
     </span>
     <span class='ocr_line' id='line_1_23' title="bbox 135 2833 894 2893; baseline 0 -10"><span class='ocrx_word' id='word_1_159' title='bbox 135 2836 211 2883; x_wconf 80' lang='lat' dir='ltr'>mania</span> <span class='ocrx_word' id='word_1_160' title='bbox 222 2835 374 2893; x_wconf 87' lang='lat' dir='ltr'>dividentem,</span> <span class='ocrx_word' id='word_1_161' title='bbox 392 2841 415 2886; x_wconf 84' lang='lat'>3.</span> <span class='ocrx_word' id='word_1_162' title='bbox 434 2837 501 2884; x_wconf 87' lang='lat' dir='ltr'>ostiis</span> <span class='ocrx_word' id='word_1_163' title='bbox 516 2851 541 2882; x_wconf 87' lang='lat' dir='ltr'>se</span> <span class='ocrx_word' id='word_1_164' title='bbox 551 2836 575 2882; x_wconf 89' lang='lat' dir='ltr'>in</span> <span class='ocrx_word' id='word_1_165' title='bbox 587 2837 678 2882; x_wconf 81' lang='lat' dir='ltr'>Mosam</span> <span class='ocrx_word' id='word_1_166' title='bbox 703 2835 769 2883; x_wconf 84' lang='lat' dir='ltr'>liare.</span> <span class='ocrx_word' id='word_1_167' title='bbox 787 2833 894 2882; x_wconf 71' lang='lat' dir='ltr'>Hortaris.</span> 
     </span>
    </p>
   </div>
   <div class='ocr_carea' id='block_1_5' title="bbox 133 2898 1340 2964">
    <p class='ocr_par' dir='ltr' id='par_1_17' title="bbox 133 2898 1340 2964">
     <span class='ocr_line' id='line_1_24' title="bbox 133 2898 1340 2964; baseline 0.005 -17"><span class='ocrx_word' id='word_1_168' title='bbox 133 2902 677 2964; x_wconf 78' lang='lat' dir='ltr'>etOoeanumSeptentrionaiemexonerantem.</span> <span class='ocrx_word' id='word_1_169' title='bbox 736 2902 793 2947; x_wconf 80' lang='lat'><strong>380.</strong></span> <span class='ocrx_word' id='word_1_170' title='bbox 826 2898 937 2957; x_wconf 79' lang='lat' dir='ltr'>Namirm,</span> <span class='ocrx_word' id='word_1_171' title='bbox 953 2899 1010 2964; x_wconf 70' lang='grc' dir='ltr'>δια]</span> <span class='ocrx_word' id='word_1_172' title='bbox 1045 2899 1110 2962; x_wconf 75' lang='lat' dir='ltr'>Ignis</span> <span class='ocrx_word' id='word_1_173' title='bbox 1132 2918 1146 2949; x_wconf 85' lang='lat' dir='ltr'>e</span> <span class='ocrx_word' id='word_1_174' title='bbox 1166 2903 1248 2952; x_wconf 77' lang='lat' dir='ltr'>cmtris</span> <span class='ocrx_word' id='word_1_175' title='bbox 1336 2921 1340 2924; x_wconf 86' lang='lat'>·</span> 
     </span>
    </p>
   </div>
   <div class='ocr_carea' id='block_1_6' title="bbox 125 2963 1311 4457">
    <p class='ocr_par' dir='ltr' id='par_1_18' title="bbox 131 2963 1248 3288">
     <span class='ocr_line' id='line_1_25' title="bbox 167 2963 1247 3028; baseline 0.004 -15"><span class='ocrx_word' id='word_1_176' title='bbox 167 2967 223 3016; x_wconf 75' lang='grc'>372.</span> <span class='ocrx_word' id='word_1_177' title='bbox 241 2964 310 3013; x_wconf 76' lang='lat' dir='ltr'>Jama</span> <span class='ocrx_word' id='word_1_178' title='bbox 326 2968 397 3028; x_wconf 77' lang='lat' dir='ltr'>sequi,</span> <span class='ocrx_word' id='word_1_179' title='bbox 414 2966 472 3028; x_wconf 68' lang='grc' dir='ltr'>δια]</span> <span class='ocrx_word' id='word_1_180' title='bbox 502 2967 606 3013; x_wconf 78' lang='lat' dir='ltr'>Necesse</span> <span class='ocrx_word' id='word_1_181' title='bbox 620 2965 679 3012; x_wconf 88' lang='lat' dir='ltr'>mihi</span> <span class='ocrx_word' id='word_1_182' title='bbox 703 2965 791 3012; x_wconf 87' lang='lat' dir='ltr'>nostris</span> <span class='ocrx_word' id='word_1_183' title='bbox 812 2963 921 3013; x_wconf 81' lang='lat' dir='ltr'>incendet</span> <span class='ocrx_word' id='word_1_184' title='bbox 940 2971 1038 3013; x_wconf 84' lang='lat' dir='ltr'>statuam</span> <span class='ocrx_word' id='word_1_185' title='bbox 1056 2966 1156 3014; x_wconf 71' lang='lat' dir='ltr'>iunonis</span> <span class='ocrx_word' id='word_1_186' title='bbox 1176 2969 1247 3017; x_wconf 71' lang='lat' dir='ltr'>dictata</span> 
     </span>
     <span class='ocr_line' id='line_1_26' title="bbox 131 3030 1247 3092; baseline 0.004 -15"><span class='ocrx_word' id='word_1_187' title='bbox 131 3038 177 3086; x_wconf 81' lang='lat' dir='ltr'>est,</span> <span class='ocrx_word' id='word_1_188' title='bbox 194 3031 220 3078; x_wconf 89' lang='lat' dir='ltr'>in</span> <span class='ocrx_word' id='word_1_189' title='bbox 231 3038 293 3078; x_wconf 86' lang='lat' dir='ltr'>tuam</span> <span class='ocrx_word' id='word_1_190' title='bbox 307 3033 404 3092; x_wconf 82' lang='lat' dir='ltr'>gratiam</span> <span class='ocrx_word' id='word_1_191' title='bbox 419 3031 485 3088; x_wconf 89' lang='lat' dir='ltr'>eniti,</span> <span class='ocrx_word' id='word_1_192' title='bbox 503 3036 530 3077; x_wconf 86' lang='lat' dir='ltr'>at</span> <span class='ocrx_word' id='word_1_193' title='bbox 545 3046 574 3077; x_wconf 89' lang='lat' dir='ltr'>ea</span> <span class='ocrx_word' id='word_1_194' title='bbox 591 3030 678 3092; x_wconf 85' lang='lat' dir='ltr'>possim</span> <span class='ocrx_word' id='word_1_195' title='bbox 704 3031 814 3086; x_wconf 84' lang='lat' dir='ltr'>Monetae,</span> <span class='ocrx_word' id='word_1_196' title='bbox 831 3031 894 3090; x_wconf 87' lang='lat' dir='ltr'>quod</span> <span class='ocrx_word' id='word_1_197' title='bbox 906 3031 935 3078; x_wconf 88' lang='lat' dir='ltr'>ab</span> <span class='ocrx_word' id='word_1_198' title='bbox 946 3031 997 3078; x_wconf 83' lang='lat' dir='ltr'>aede</span> <span class='ocrx_word' id='word_1_199' title='bbox 1007 3031 1105 3079; x_wconf 85' lang='lat' dir='ltr'>Janonis</span> <span class='ocrx_word' id='word_1_200' title='bbox 1117 3032 1196 3081; x_wconf 81' lang='lat' dir='ltr'>audita</span> <span class='ocrx_word' id='word_1_201' title='bbox 1210 3041 1247 3082; x_wconf 84' lang='lat' dir='ltr'>est</span> 
     </span>
     <span class='ocr_line' id='line_1_27' title="bbox 132 3095 1248 3158; baseline 0.004 -17"><span class='ocrx_word' id='word_1_202' title='bbox 132 3109 186 3156; x_wconf 76' lang='lat' dir='ltr'>quie</span> <span class='ocrx_word' id='word_1_203' title='bbox 196 3096 260 3142; x_wconf 85' lang='lat' dir='ltr'>valo.</span> <span class='ocrx_word' id='word_1_204' title='bbox 271 3095 325 3142; x_wconf 82' lang='lat' dir='ltr'>vida</span> <span class='ocrx_word' id='word_1_205' title='bbox 336 3111 387 3158; x_wconf 82' lang='lat' dir='ltr'>quae</span> <span class='ocrx_word' id='word_1_206' title='bbox 399 3113 442 3144; x_wconf 84' lang='lat' dir='ltr'>nos</span> <span class='ocrx_word' id='word_1_207' title='bbox 453 3097 481 3143; x_wconf 91' lang='lat' dir='ltr'>ad</span> <span class='ocrx_word' id='word_1_208' title='bbox 494 3096 568 3158; x_wconf 77' lang='lat' dir='ltr'>epigr.</span> <span class='ocrx_word' id='word_1_209' title='bbox 581 3095 623 3141; x_wconf 85' lang='lat' dir='ltr'>tib.</span> <span class='ocrx_word' id='word_1_210' title='bbox 636 3098 676 3142; x_wconf 82' lang='lat' dir='ltr'>ta.</span> <span class='ocrx_word' id='word_1_211' title='bbox 704 3111 751 3141; x_wconf 84' lang='lat' dir='ltr'>vox</span> <span class='ocrx_word' id='word_1_212' title='bbox 763 3110 813 3155; x_wconf 85' lang='lat' dir='ltr'>quae</span> <span class='ocrx_word' id='word_1_213' title='bbox 825 3095 933 3151; x_wconf 84' lang='lat' dir='ltr'>docebat,</span> <span class='ocrx_word' id='word_1_214' title='bbox 946 3111 990 3156; x_wconf 88' lang='lat' dir='ltr'>qua</span> <span class='ocrx_word' id='word_1_215' title='bbox 1000 3096 1090 3144; x_wconf 85' lang='lat' dir='ltr'>ratione</span> <span class='ocrx_word' id='word_1_216' title='bbox 1101 3096 1170 3156; x_wconf 85' lang='lat' dir='ltr'>plena</span> <span class='ocrx_word' id='word_1_217' title='bbox 1180 3098 1248 3146; x_wconf 84' lang='lat' dir='ltr'>fieret</span> 
     </span>
     <span class='ocr_line' id='line_1_28' title="bbox 131 3157 1246 3223; baseline 0.003 -16"><span class='ocrx_word' id='word_1_218' title='bbox 131 3157 257 3207; x_wconf 72' lang='lat' dir='ltr'>Martialis.</span> <span class='ocrx_word' id='word_1_219' title='bbox 275 3161 481 3223; x_wconf 81' lang='lat' dir='ltr'>Suntquilegnnt‚</span> <span class='ocrx_word' id='word_1_220' title='bbox 494 3160 549 3207; x_wconf 87' lang='lat' dir='ltr'>Tam</span> <span class='ocrx_word' id='word_1_221' title='bbox 558 3159 678 3208; x_wconf 38' lang='lat' dir='ltr'>veltetmidi</span> <span class='ocrx_word' id='word_1_222' title='bbox 702 3159 836 3221; x_wconf 79' lang='lat' dir='ltr'>procuratio</span> <span class='ocrx_word' id='word_1_223' title='bbox 856 3168 953 3221; x_wconf 81' lang='lat' dir='ltr'>propter</span> <span class='ocrx_word' id='word_1_224' title='bbox 969 3168 1037 3207; x_wconf 84' lang='lat' dir='ltr'>terrae</span> <span class='ocrx_word' id='word_1_225' title='bbox 1056 3169 1151 3208; x_wconf 88' lang='lat' dir='ltr'>motum.</span> <span class='ocrx_word' id='word_1_226' title='bbox 1171 3163 1246 3210; x_wconf 83' lang='lat' dir='ltr'>aedem</span> 
     </span>
     <span class='ocr_line' id='line_1_29' title="bbox 132 3224 1246 3288; baseline 0.004 -18"><span class='ocrx_word' id='word_1_227' title='bbox 132 3240 200 3288; x_wconf 81' lang='lat' dir='ltr'>qaam</span> <span class='ocrx_word' id='word_1_228' title='bbox 210 3241 269 3287; x_wconf 83' lang='lat' dir='ltr'>passe</span> <span class='ocrx_word' id='word_1_229' title='bbox 280 3241 366 3274; x_wconf 79' lang='lat' dir='ltr'>necesse</span> <span class='ocrx_word' id='word_1_230' title='bbox 377 3235 416 3273; x_wconf 87' lang='lat' dir='ltr'>est.</span> <span class='ocrx_word' id='word_1_231' title='bbox 703 3232 779 3271; x_wconf 88' lang='lat' dir='ltr'>autem</span> <span class='ocrx_word' id='word_1_232' title='bbox 796 3226 854 3271; x_wconf 71' lang='lat' dir='ltr'>lianc</span> <span class='ocrx_word' id='word_1_233' title='bbox 872 3224 991 3272; x_wconf 85' lang='lat' dir='ltr'>dedicarit</span> <span class='ocrx_word' id='word_1_234' title='bbox 1006 3226 1033 3272; x_wconf 76' lang='lat' dir='ltr'>L</span> <span class='ocrx_word' id='word_1_235' title='bbox 1050 3226 1092 3272; x_wconf 80' lang='lat' dir='ltr'>Fu.</span> <span class='ocrx_word' id='word_1_236' title='bbox 1104 3225 1216 3274; x_wconf 79' lang='lat' dir='ltr'>Camillus</span> <span class='ocrx_word' id='word_1_237' title='bbox 1232 3243 1246 3275; x_wconf 87' lang='lat' dir='ltr'>a</span> 
     </span>
    </p>

    <p class='ocr_par' dir='ltr' id='par_1_19' title="bbox 130 3286 1257 3487">
     <span class='ocr_line' id='line_1_30' title="bbox 165 3286 1233 3352; baseline -0.003 -13"><span class='ocrx_word' id='word_1_238' title='bbox 165 3293 222 3339; x_wconf 75' lang='lat' dir='ltr'>sta.</span> <span class='ocrx_word' id='word_1_239' title='bbox 241 3289 290 3337; x_wconf 86' lang='lat' dir='ltr'>Nec</span> <span class='ocrx_word' id='word_1_240' title='bbox 305 3292 367 3348; x_wconf 76' lang='lat' dir='ltr'>civis,</span> <span class='ocrx_word' id='word_1_241' title='bbox 386 3289 442 3352; x_wconf 63' lang='grc' dir='ltr'>δια]</span> <span class='ocrx_word' id='word_1_242' title='bbox 470 3291 552 3352; x_wconf 85' lang='lat' dir='ltr'>Neque</span> <span class='ocrx_word' id='word_1_243' title='bbox 563 3289 609 3336; x_wconf 87' lang='lat' dir='ltr'>erit</span> <span class='ocrx_word' id='word_1_244' title='bbox 619 3289 676 3336; x_wconf 88' lang='lat' dir='ltr'>mihi</span> <span class='ocrx_word' id='word_1_245' title='bbox 702 3291 819 3337; x_wconf 88' lang='lat' dir='ltr'>monendo</span> <span class='ocrx_word' id='word_1_246' title='bbox 829 3304 914 3336; x_wconf 86' lang='lat' dir='ltr'>nomen</span> <span class='ocrx_word' id='word_1_247' title='bbox 926 3289 1023 3337; x_wconf 82' lang='lat' dir='ltr'>Moneta</span> <span class='ocrx_word' id='word_1_248' title='bbox 1033 3286 1141 3337; x_wconf 79' lang='lat' dir='ltr'>inditum.</span> <span class='ocrx_word' id='word_1_249' title='bbox 1227 3295 1233 3312; x_wconf 73' lang='lat'>¹</span> 
     </span>
     <span class='ocr_line' id='line_1_31' title="bbox 130 3354 1245 3418; baseline 0.002 -17"><span class='ocrx_word' id='word_1_250' title='bbox 130 3355 253 3417; x_wconf 79' lang='lat' dir='ltr'>praeire,</span> <span class='ocrx_word' id='word_1_251' title='bbox 270 3363 436 3418; x_wconf 73' lang='lat' dir='ltr'>enumquam</span> <span class='ocrx_word' id='word_1_252' title='bbox 453 3357 678 3402; x_wconf 82' lang='lat' dir='ltr'>taboetuaecanent</span> <span class='ocrx_word' id='word_1_253' title='bbox 735 3357 791 3404; x_wconf 87' lang='grc'>381.</span> <span class='ocrx_word' id='word_1_254' title='bbox 818 3354 899 3402; x_wconf 86' lang='lat' dir='ltr'>Castra</span> <span class='ocrx_word' id='word_1_255' title='bbox 915 3354 1004 3417; x_wconf 77' lang='lat' dir='ltr'>sepem]</span> <span class='ocrx_word' id='word_1_256' title='bbox 1029 3354 1056 3401; x_wconf 87' lang='lat' dir='ltr'>Si</span> <span class='ocrx_word' id='word_1_257' title='bbox 1070 3355 1245 3414; x_wconf 78' lang='lat' dir='ltr'>patriamoitsi·</span> 
     </span>
     <span class='ocr_line' id='line_1_32' title="bbox 131 3417 1257 3487; baseline -0.001 -21"><span class='ocrx_word' id='word_1_258' title='bbox 131 3419 275 3483; x_wconf 70' lang='lat' dir='ltr'>rignabeiti.</span> <span class='ocrx_word' id='word_1_259' title='bbox 702 3417 1257 3487; x_wconf 50' lang='lat' dir='ltr'>dere,juxta&#39;l&#39;ibrimcastrametatam.Taurei}</span> 
     </span>
    </p>

    <p class='ocr_par' dir='ltr' id='par_1_20' title="bbox 128 3477 1268 3870">
     <span class='ocr_line' id='line_1_33' title="bbox 164 3477 1268 3550; baseline -0.003 -16"><span class='ocrx_word' id='word_1_260' title='bbox 164 3488 221 3534; x_wconf 80' lang='grc'><strong>374.</strong></span> <span class='ocrx_word' id='word_1_261' title='bbox 239 3486 286 3532; x_wconf 84' lang='lat' dir='ltr'>Per</span> <span class='ocrx_word' id='word_1_262' title='bbox 303 3485 368 3549; x_wconf 78' lang='lat' dir='ltr'>tigria</span> <span class='ocrx_word' id='word_1_263' title='bbox 384 3485 461 3533; x_wconf 82' lang='lat' dir='ltr'>decem</span> <span class='ocrx_word' id='word_1_264' title='bbox 472 3483 558 3549; x_wconf 80' lang='lat' dir='ltr'>felicia</span> <span class='ocrx_word' id='word_1_265' title='bbox 576 3484 676 3546; x_wconf 64' lang='lat' dir='ltr'>scetem]</span> <span class='ocrx_word' id='word_1_266' title='bbox 702 3486 730 3531; x_wconf 91' lang='lat' dir='ltr'>In</span> <span class='ocrx_word' id='word_1_267' title='bbox 740 3477 843 3531; x_wconf 64' lang='lat' dir='ltr'>&#39;ttiusata</span> <span class='ocrx_word' id='word_1_268' title='bbox 855 3485 907 3531; x_wconf 85' lang='lat' dir='ltr'>orti.</span> <span class='ocrx_word' id='word_1_269' title='bbox 1266 3546 1268 3550; x_wconf 16' lang='lat'><em>7</em></span> 
     </span>
     <span class='ocr_line' id='line_1_34' title="bbox 131 3543 1244 3612; baseline 0.002 -16"><span class='ocrx_word' id='word_1_270' title='bbox 131 3543 246 3597; x_wconf 70' lang='lat' dir='ltr'>victricia</span> <span class='ocrx_word' id='word_1_271' title='bbox 264 3550 373 3598; x_wconf 84' lang='lat' dir='ltr'>omnibus</span> <span class='ocrx_word' id='word_1_272' title='bbox 395 3551 419 3597; x_wconf 92' lang='lat' dir='ltr'>in</span> <span class='ocrx_word' id='word_1_273' title='bbox 436 3551 504 3605; x_wconf 83' lang='lat' dir='ltr'>locis,</span> <span class='ocrx_word' id='word_1_274' title='bbox 527 3551 612 3612; x_wconf 84' lang='lat' dir='ltr'>quibus</span> <span class='ocrx_word' id='word_1_275' title='bbox 628 3552 676 3610; x_wconf 74' lang='lat' dir='ltr'>Jam</span> <span class='ocrx_word' id='word_1_276' title='bbox 734 3551 790 3599; x_wconf 69' lang='lat'>382.</span> <span class='ocrx_word' id='word_1_277' title='bbox 811 3548 905 3597; x_wconf 78' lang='lat' dir='ltr'>Veniam</span> <span class='ocrx_word' id='word_1_278' title='bbox 915 3545 1141 3612; x_wconf 71' lang='lat' dir='ltr'>metatoriaagras]</span> <span class='ocrx_word' id='word_1_279' title='bbox 1161 3549 1244 3598; x_wconf 74' lang='lat' dir='ltr'>carna</span> 
     </span>
     <span class='ocr_line' id='line_1_35' title="bbox 130 3613 1244 3676; baseline 0.001 -15"><span class='ocrx_word' id='word_1_280' title='bbox 130 3615 265 3676; x_wconf 87' lang='lat' dir='ltr'>perdecem</span> <span class='ocrx_word' id='word_1_281' title='bbox 280 3631 353 3662; x_wconf 89' lang='lat' dir='ltr'>annas</span> <span class='ocrx_word' id='word_1_282' title='bbox 365 3623 441 3663; x_wconf 84' lang='lat' dir='ltr'>castra</span> <span class='ocrx_word' id='word_1_283' title='bbox 456 3622 554 3662; x_wconf 85' lang='lat' dir='ltr'>metatus</span> <span class='ocrx_word' id='word_1_284' title='bbox 571 3631 605 3672; x_wconf 86' lang='lat' dir='ltr'>es,</span> <span class='ocrx_word' id='word_1_285' title='bbox 621 3615 677 3675; x_wconf 87' lang='lat' dir='ltr'>quia</span> <span class='ocrx_word' id='word_1_286' title='bbox 701 3616 813 3662; x_wconf 80' lang='lat' dir='ltr'>metabor.</span> <span class='ocrx_word' id='word_1_287' title='bbox 832 3613 957 3675; x_wconf 71' lang='lat' dir='ltr'>dietatem]</span> <span class='ocrx_word' id='word_1_288' title='bbox 972 3615 1030 3660; x_wconf 87' lang='lat' dir='ltr'>Sunt</span> <span class='ocrx_word' id='word_1_289' title='bbox 1040 3628 1098 3659; x_wconf 82' lang='lat' dir='ltr'>vero</span> <span class='ocrx_word' id='word_1_290' title='bbox 1108 3613 1134 3659; x_wconf 89' lang='lat' dir='ltr'>in</span> <span class='ocrx_word' id='word_1_291' title='bbox 1144 3629 1170 3660; x_wconf 88' lang='lat' dir='ltr'>re</span> <span class='ocrx_word' id='word_1_292' title='bbox 1182 3613 1244 3662; x_wconf 71' lang='lat' dir='ltr'>mifi-</span> 
     </span>
     <span class='ocr_line' id='line_1_36' title="bbox 130 3678 1243 3741; baseline 0.003 -16"><span class='ocrx_word' id='word_1_293' title='bbox 130 3680 255 3740; x_wconf 85' lang='lat' dir='ltr'>quotannis</span> <span class='ocrx_word' id='word_1_294' title='bbox 279 3680 303 3726; x_wconf 90' lang='lat' dir='ltr'>in</span> <span class='ocrx_word' id='word_1_295' title='bbox 324 3680 390 3728; x_wconf 83' lang='lat' dir='ltr'>statis</span> <span class='ocrx_word' id='word_1_296' title='bbox 407 3680 491 3727; x_wconf 86' lang='lat' dir='ltr'>castris</span> <span class='ocrx_word' id='word_1_297' title='bbox 508 3681 675 3741; x_wconf 79' lang='lat' dir='ltr'>hybernabant.</span> <span class='ocrx_word' id='word_1_298' title='bbox 702 3678 747 3726; x_wconf 88' lang='lat' dir='ltr'>tari</span> <span class='ocrx_word' id='word_1_299' title='bbox 768 3688 892 3736; x_wconf 81' lang='lat' dir='ltr'>metatores,</span> <span class='ocrx_word' id='word_1_300' title='bbox 918 3679 959 3740; x_wconf 90' lang='lat' dir='ltr'>qui</span> <span class='ocrx_word' id='word_1_301' title='bbox 980 3678 1139 3739; x_wconf 71' lang='lat' dir='ltr'>precedentes</span> <span class='ocrx_word' id='word_1_302' title='bbox 1164 3679 1243 3728; x_wconf 77' lang='lat' dir='ltr'>torua</span> 
     </span>
     <span class='ocr_line' id='line_1_37' title="bbox 129 3743 1202 3809; baseline 0.001 -20"><span class='ocrx_word' id='word_1_303' title='bbox 129 3745 169 3790; x_wconf 82' lang='lat' dir='ltr'>rel</span> <span class='ocrx_word' id='word_1_304' title='bbox 188 3761 232 3808; x_wconf 85' lang='lat' dir='ltr'>per</span> <span class='ocrx_word' id='word_1_305' title='bbox 248 3745 346 3809; x_wconf 43' lang='lat' dir='ltr'>aquilas,</span> <span class='ocrx_word' id='word_1_306' title='bbox 354 3750 394 3793; x_wconf 87' lang='lat'>10.</span> <span class='ocrx_word' id='word_1_307' title='bbox 411 3745 536 3807; x_wconf 76' lang='lat' dir='ltr'>legionum.</span> <span class='ocrx_word' id='word_1_308' title='bbox 553 3745 611 3791; x_wconf 86' lang='lat' dir='ltr'>licet</span> <span class='ocrx_word' id='word_1_309' title='bbox 630 3759 676 3790; x_wconf 89' lang='lat' dir='ltr'>una</span> <span class='ocrx_word' id='word_1_310' title='bbox 701 3743 891 3807; x_wconf 82' lang='lat' dir='ltr'>castriseligant.</span> <span class='ocrx_word' id='word_1_311' title='bbox 1151 3798 1153 3804; x_wconf 31' lang='grc' dir='ltr'>Ι</span> <span class='ocrx_word' id='word_1_312' title='bbox 1199 3747 1202 3756; x_wconf 77' lang='grc'><strong>’</strong></span> 
     </span>
     <span class='ocr_line' id='line_1_38' title="bbox 128 3805 1243 3870; baseline -0.001 -12"><span class='ocrx_word' id='word_1_313' title='bbox 128 3814 221 3858; x_wconf 78' lang='lat' dir='ltr'>mamm</span> <span class='ocrx_word' id='word_1_314' title='bbox 231 3810 340 3866; x_wconf 76' lang='lat' dir='ltr'>adiuerit,</span> <span class='ocrx_word' id='word_1_315' title='bbox 350 3817 440 3857; x_wconf 77' lang='lat' dir='ltr'>caeterae</span> <span class='ocrx_word' id='word_1_316' title='bbox 451 3810 662 3870; x_wconf 75' lang='lat' dir='ltr'>subsequerentur·</span> <span class='ocrx_word' id='word_1_317' title='bbox 733 3810 789 3858; x_wconf 86' lang='grc'><strong>384.</strong></span> <span class='ocrx_word' id='word_1_318' title='bbox 807 3809 873 3858; x_wconf 71' lang='lat' dir='ltr'>aaa</span> <span class='ocrx_word' id='word_1_319' title='bbox 888 3807 972 3870; x_wconf 79' lang='lat' dir='ltr'>actas]</span> <span class='ocrx_word' id='word_1_320' title='bbox 989 3805 1099 3856; x_wconf 80' lang='lat' dir='ltr'>Machina</span> <span class='ocrx_word' id='word_1_321' title='bbox 1112 3807 1196 3855; x_wconf 81' lang='lat' dir='ltr'>bellica</span> <span class='ocrx_word' id='word_1_322' title='bbox 1212 3808 1243 3857; x_wconf 86' lang='lat' dir='ltr'>ad</span> 
     </span>
    </p>

    <p class='ocr_par' dir='ltr' id='par_1_21' title="bbox 162 3872 1241 3937">
     <span class='ocr_line' id='line_1_39' title="bbox 162 3872 1241 3937; baseline 0 -16"><span class='ocrx_word' id='word_1_323' title='bbox 162 3876 220 3923; x_wconf 83' lang='grc'><strong>377.</strong></span> <span class='ocrx_word' id='word_1_324' title='bbox 238 3875 367 3936; x_wconf 79' lang='lat' dir='ltr'>Plenaque,</span> <span class='ocrx_word' id='word_1_325' title='bbox 378 3874 434 3937; x_wconf 83' lang='lat' dir='ltr'>&amp;c.]</span> <span class='ocrx_word' id='word_1_326' title='bbox 453 3874 561 3921; x_wconf 83' lang='lat' dir='ltr'>Gravidae</span> <span class='ocrx_word' id='word_1_327' title='bbox 572 3874 662 3920; x_wconf 85' lang='lat' dir='ltr'>uxoris.</span> <span class='ocrx_word' id='word_1_328' title='bbox 700 3875 843 3922; x_wconf 86' lang='lat' dir='ltr'>subruendos</span> <span class='ocrx_word' id='word_1_329' title='bbox 848 3872 1110 3932; x_wconf 85' lang='lat' dir='ltr'>muros.rid.Vegetium</span> <span class='ocrx_word' id='word_1_330' title='bbox 1119 3873 1165 3920; x_wconf 76' lang='lat' dir='ltr'>ta.</span> <span class='ocrx_word' id='word_1_331' title='bbox 1174 3889 1194 3921; x_wconf 83' lang='lat' dir='ltr'>a.</span> <span class='ocrx_word' id='word_1_332' title='bbox 1200 3876 1241 3922; x_wconf 88' lang='grc'>14.</span> 
     </span>
    </p>

    <p class='ocr_par' dir='ltr' id='par_1_22' title="bbox 128 3937 1241 4065">
     <span class='ocr_line' id='line_1_40' title="bbox 162 3937 1239 4004; baseline 0.001 -18"><span class='ocrx_word' id='word_1_333' title='bbox 162 3941 219 3988; x_wconf 78' lang='grc'>378.</span> <span class='ocrx_word' id='word_1_334' title='bbox 229 3937 306 3986; x_wconf 74' lang='lat' dir='ltr'>Invita</span> <span class='ocrx_word' id='word_1_335' title='bbox 312 3954 429 4004; x_wconf 83' lang='lat' dir='ltr'>peragam,</span> <span class='ocrx_word' id='word_1_336' title='bbox 437 3937 494 4001; x_wconf 66' lang='grc' dir='ltr'>δια]</span> <span class='ocrx_word' id='word_1_337' title='bbox 512 3941 572 3986; x_wconf 81' lang='lat' dir='ltr'>Utar</span> <span class='ocrx_word' id='word_1_338' title='bbox 582 3939 675 3986; x_wconf 85' lang='lat' dir='ltr'>horreat</span> <span class='ocrx_word' id='word_1_339' title='bbox 699 3946 724 3986; x_wconf 89' lang='lat' dir='ltr'>et</span> <span class='ocrx_word' id='word_1_340' title='bbox 731 3942 784 3988; x_wconf 82' lang='lat' dir='ltr'>Am.</span> <span class='ocrx_word' id='word_1_341' title='bbox 795 3941 892 3986; x_wconf 85' lang='lat' dir='ltr'>Marcet.</span> <span class='ocrx_word' id='word_1_342' title='bbox 902 3946 927 3986; x_wconf 93' lang='lat' dir='ltr'>et</span> <span class='ocrx_word' id='word_1_343' title='bbox 933 3954 984 3999; x_wconf 84' lang='lat' dir='ltr'>quse</span> <span class='ocrx_word' id='word_1_344' title='bbox 992 3953 1035 3984; x_wconf 87' lang='lat' dir='ltr'>nos</span> <span class='ocrx_word' id='word_1_345' title='bbox 1044 3937 1074 3984; x_wconf 87' lang='lat' dir='ltr'>ad</span> <span class='ocrx_word' id='word_1_346' title='bbox 1080 3938 1137 3986; x_wconf 82' lang='lat'><strong>490.</strong></span> <span class='ocrx_word' id='word_1_347' title='bbox 1142 3953 1179 3986; x_wconf 84' lang='lat' dir='ltr'>vs.</span> <span class='ocrx_word' id='word_1_348' title='bbox 1190 3938 1213 3986; x_wconf 80' lang='grc'>3.</span> <span class='ocrx_word' id='word_1_349' title='bbox 1222 3939 1239 3987; x_wconf 92' lang='grc' dir='ltr'>Ι.</span> 
     </span>
     <span class='ocr_line' id='line_1_41' title="bbox 128 4001 1241 4065; baseline 0 -13"><span class='ocrx_word' id='word_1_350' title='bbox 128 4003 276 4065; x_wconf 73' lang='lat' dir='ltr'>ntrgtatque</span> <span class='ocrx_word' id='word_1_351' title='bbox 287 4019 375 4052; x_wconf 87' lang='lat' dir='ltr'>manns.</span> <span class='ocrx_word' id='word_1_352' title='bbox 526 4020 529 4027; x_wconf 72' lang='grc'>’</span> <span class='ocrx_word' id='word_1_353' title='bbox 733 4007 789 4053; x_wconf 83' lang='grc'><strong>385.</strong></span> <span class='ocrx_word' id='word_1_354' title='bbox 800 4004 913 4060; x_wconf 77' lang='lat' dir='ltr'>Itlalicet,</span> <span class='ocrx_word' id='word_1_355' title='bbox 922 4002 980 4064; x_wconf 69' lang='grc' dir='ltr'>δια]</span> <span class='ocrx_word' id='word_1_356' title='bbox 988 4001 1094 4050; x_wconf 86' lang='lat' dir='ltr'>Sublatas</span> <span class='ocrx_word' id='word_1_357' title='bbox 1103 4002 1241 4053; x_wconf 78' lang='lat' dir='ltr'>inassatam</span> 
     </span>
    </p>

    <p class='ocr_par' dir='ltr' id='par_1_23' title="bbox 125 4067 1311 4457">
     <span class='ocr_line' id='line_1_42' title="bbox 162 4067 1311 4130; baseline 0 -14"><span class='ocrx_word' id='word_1_358' title='bbox 162 4071 219 4118; x_wconf 77' lang='lat'>3⁷9.</span> <span class='ocrx_word' id='word_1_359' title='bbox 234 4069 259 4116; x_wconf 83' lang='lat' dir='ltr'>Si</span> <span class='ocrx_word' id='word_1_360' title='bbox 269 4069 374 4130; x_wconf 68' lang='lat' dir='ltr'>spoliare,</span> <span class='ocrx_word' id='word_1_361' title='bbox 387 4067 446 4130; x_wconf 48' lang='lat' dir='ltr'>drot]</span> <span class='ocrx_word' id='word_1_362' title='bbox 470 4067 623 4115; x_wconf 83' lang='lat' dir='ltr'>Gornmorrdat</span> <span class='ocrx_word' id='word_1_363' title='bbox 639 4068 673 4115; x_wconf 88' lang='lat' dir='ltr'>in·</span> <span class='ocrx_word' id='word_1_364' title='bbox 686 4092 689 4095; x_wconf 93' lang='lat'>·</span> <span class='ocrx_word' id='word_1_365' title='bbox 700 4069 884 4130; x_wconf 85' lang='lat' dir='ltr'>signummaaus,</span> <span class='ocrx_word' id='word_1_366' title='bbox 893 4067 1231 4130; x_wconf 79' lang='lat' dir='ltr'>fortitudinisettideipignora.</span> <span class='ocrx_word' id='word_1_367' title='bbox 1308 4085 1311 4090; x_wconf 93' lang='lat'>·</span> 
     </span>
     <span class='ocr_line' id='line_1_43' title="bbox 128 4130 1240 4197; baseline 0 -17"><span class='ocrx_word' id='word_1_368' title='bbox 128 4133 672 4197; x_wconf 77' lang='lat' dir='ltr'>aaperopemmsnamprocaesare‚abimpi0‚</span> <span class='ocrx_word' id='word_1_369' title='bbox 731 4137 787 4184; x_wconf 81' lang='grc'><strong>386.</strong></span> <span class='ocrx_word' id='word_1_370' title='bbox 816 4139 932 4181; x_wconf 82' lang='lat' dir='ltr'>Assemere</span> <span class='ocrx_word' id='word_1_371' title='bbox 959 4130 1079 4193; x_wconf 70' lang='lat' dir='ltr'>cohortes]</span> <span class='ocrx_word' id='word_1_372' title='bbox 1114 4132 1240 4180; x_wconf 79' lang='lat' dir='ltr'>Assensat&#39;a</span> 
     </span>
     <span class='ocr_line' id='line_1_44' title="bbox 127 4195 1239 4260; baseline 0 -15"><span class='ocrx_word' id='word_1_373' title='bbox 127 4197 153 4245; x_wconf 85' lang='lat' dir='ltr'>in</span> <span class='ocrx_word' id='word_1_374' title='bbox 165 4199 247 4246; x_wconf 86' lang='lat' dir='ltr'>Deos:</span> <span class='ocrx_word' id='word_1_375' title='bbox 264 4213 332 4260; x_wconf 86' lang='lat' dir='ltr'>quos,</span> <span class='ocrx_word' id='word_1_376' title='bbox 347 4199 376 4246; x_wconf 88' lang='lat' dir='ltr'>ad</span> <span class='ocrx_word' id='word_1_377' title='bbox 389 4199 515 4246; x_wconf 83' lang='lat' dir='ltr'>ineundam</span> <span class='ocrx_word' id='word_1_378' title='bbox 522 4197 673 4260; x_wconf 87' lang='lat' dir='ltr'>Imperatoris</span> <span class='ocrx_word' id='word_1_379' title='bbox 698 4206 810 4246; x_wconf 86' lang='lat' dir='ltr'>testantur</span> <span class='ocrx_word' id='word_1_380' title='bbox 820 4199 929 4254; x_wconf 83' lang='lat' dir='ltr'>clamore,</span> <span class='ocrx_word' id='word_1_381' title='bbox 945 4203 1045 4258; x_wconf 87' lang='lat' dir='ltr'>quantus</span> <span class='ocrx_word' id='word_1_382' title='bbox 1061 4212 1108 4244; x_wconf 87' lang='lat' dir='ltr'>non</span> <span class='ocrx_word' id='word_1_383' title='bbox 1119 4195 1183 4245; x_wconf 84' lang='lat' dir='ltr'>c&#39;edit</span> <span class='ocrx_word' id='word_1_384' title='bbox 1193 4197 1239 4245; x_wconf 76' lang='lat' dir='ltr'>ir&#39;a-</span> 
     </span>
     <span class='ocr_line' id='line_1_45' title="bbox 127 4259 1239 4326; baseline 0 -16"><span class='ocrx_word' id='word_1_385' title='bbox 127 4263 237 4324; x_wconf 65' lang='lat' dir='ltr'>mam,</span> <span class='ocrx_word' id='word_1_386' title='bbox 254 4263 362 4324; x_wconf 80' lang='lat' dir='ltr'>exemplo</span> <span class='ocrx_word' id='word_1_387' title='bbox 373 4262 462 4312; x_wconf 86' lang='lat' dir='ltr'>Brenni</span> <span class='ocrx_word' id='word_1_388' title='bbox 473 4269 498 4310; x_wconf 84' lang='lat' dir='ltr'>et</span> <span class='ocrx_word' id='word_1_389' title='bbox 508 4263 605 4309; x_wconf 89' lang='lat' dir='ltr'>aliorum</span> <span class='ocrx_word' id='word_1_390' title='bbox 616 4279 672 4324; x_wconf 90' lang='lat' dir='ltr'>quo·</span> <span class='ocrx_word' id='word_1_391' title='bbox 697 4263 750 4324; x_wconf 78' lang='lat' dir='ltr'>gari</span> <span class='ocrx_word' id='word_1_392' title='bbox 759 4263 832 4326; x_wconf 70' lang='lat' dir='ltr'>sylva</span> <span class='ocrx_word' id='word_1_393' title='bbox 839 4263 914 4325; x_wconf 74' lang='lat' dir='ltr'>pinca</span> <span class='ocrx_word' id='word_1_394' title='bbox 922 4262 946 4309; x_wconf 90' lang='lat' dir='ltr'>in</span> <span class='ocrx_word' id='word_1_395' title='bbox 954 4262 1015 4311; x_wconf 85' lang='lat' dir='ltr'>Ossa</span> <span class='ocrx_word' id='word_1_396' title='bbox 1021 4261 1149 4310; x_wconf 75' lang='lat' dir='ltr'>Thessalire</span> <span class='ocrx_word' id='word_1_397' title='bbox 1160 4259 1239 4326; x_wconf 68' lang='lat' dir='ltr'>monta</span> 
     </span>
     <span class='ocr_line' id='line_1_46' title="bbox 127 4325 1238 4392; baseline -0.002 -16"><span class='ocrx_word' id='word_1_398' title='bbox 127 4327 226 4376; x_wconf 71' lang='lat' dir='ltr'>madum</span> <span class='ocrx_word' id='word_1_399' title='bbox 237 4327 412 4389; x_wconf 78' lang='lat' dir='ltr'>sacrilegorum,</span> <span class='ocrx_word' id='word_1_400' title='bbox 429 4327 470 4388; x_wconf 86' lang='lat' dir='ltr'>qai</span> <span class='ocrx_word' id='word_1_401' title='bbox 481 4325 602 4374; x_wconf 83' lang='lat' dir='ltr'>delubrum</span> <span class='ocrx_word' id='word_1_402' title='bbox 615 4327 672 4374; x_wconf 87' lang='lat' dir='ltr'>Del·</span> <span class='ocrx_word' id='word_1_403' title='bbox 698 4329 813 4392; x_wconf 76' lang='lat' dir='ltr'>depressa</span> <span class='ocrx_word' id='word_1_404' title='bbox 826 4335 867 4376; x_wconf 81' lang='lat' dir='ltr'>aut</span> <span class='ocrx_word' id='word_1_405' title='bbox 885 4327 992 4386; x_wconf 74' lang='lat' dir='ltr'>sublate,</span> <span class='ocrx_word' id='word_1_406' title='bbox 1009 4329 1091 4376; x_wconf 77' lang='lat' dir='ltr'>Borea</span> <span class='ocrx_word' id='word_1_407' title='bbox 1108 4344 1122 4376; x_wconf 83' lang='lat' dir='ltr'>e</span> <span class='ocrx_word' id='word_1_408' title='bbox 1138 4325 1238 4376; x_wconf 78' lang='lat' dir='ltr'>&#39;Phraata</span> 
     </span>
     <span class='ocr_line' id='line_1_47' title="bbox 125 4388 1226 4457; baseline 0 -15"><span class='ocrx_word' id='word_1_409' title='bbox 125 4391 258 4456; x_wconf 73' lang='lat' dir='ltr'>phimet</span> <span class='ocrx_word' id='word_1_410' title='bbox 272 4392 498 4452; x_wconf 67' lang='lat' dir='ltr'>multudiaGraem</span> <span class='ocrx_word' id='word_1_411' title='bbox 510 4392 597 4454; x_wconf 77' lang='lat' dir='ltr'>tanptr</span> <span class='ocrx_word' id='word_1_412' title='bbox 614 4391 670 4441; x_wconf 81' lang='lat' dir='ltr'>dirt-</span> <span class='ocrx_word' id='word_1_413' title='bbox 696 4391 891 4457; x_wconf 76' lang='lat' dir='ltr'>dentitimputsa.</span> <span class='ocrx_word' id='word_1_414' title='bbox 983 4413 985 4416; x_wconf 48' lang='lat'><strong>⁴</strong></span> <span class='ocrx_word' id='word_1_415' title='bbox 1019 4412 1022 4415; x_wconf 92' lang='lat'><em>·</em></span> <span class='ocrx_word' id='word_1_416' title='bbox 1052 4403 1055 4415; x_wconf 89' lang='grc'><strong>’</strong></span> <span class='ocrx_word' id='word_1_417' title='bbox 1093 4388 1098 4429; x_wconf 90' lang='lat'>&#39;-</span> <span class='ocrx_word' id='word_1_418' title='bbox 1132 4390 1137 4401; x_wconf 90' lang='lat'><em>&#39;</em></span> <span class='ocrx_word' id='word_1_419' title='bbox 1213 4391 1226 4422; x_wconf 68' lang='lat'>¹⁵</span> 
     </span>
    </p>
   </div>
   <div class='ocr_carea' id='block_1_7' title="bbox 0 0 1396 4860">
    <p class='ocr_par' dir='ltr' id='par_1_24' title="bbox 0 0 1396 4860">
     <span class='ocr_line' id='line_1_48' title="bbox 0 0 1396 4860; baseline 0 5"><span class='ocrx_word' id='word_1_420' title='bbox 0 0 1396 4860; x_wconf 95' lang='lat' dir='ltr'> </span> 
     </span>
    </p>
   </div>
  </div>
 </body>
</html>
