2784 4860
138 309 205 407 raa
418 333 469 399 nr.
512 327 714 397 anumr
758 324 1001 423 Lucana¹

187 509 346 573 Nudatos
369 503 486 567 Caesar
502 501 842 583 colles,·desertaque
865 502 978 563 castra

145 619 381 701 ConspicienS,
405 634 527 697 capere
544 632 637 676 arma
646 612 765 695 jubet:
788 629 852 673 nec
891 626 1019 673 umrere
1033 608 1189 689 pontem,

145 731 222 795 Nec
237 730 337 805 vada,
354 727 414 790 sed
429 726 521 788 duris
535 724 675 788 fluvium
692 740 852 805 superare
866 718 1015 783 lacertis.
1174 714 1244 779 150

145 840 306 903 Paretur:
329 836 508 918 rapuitque
522 854 622 897 ruens
637 833 673 896 in
687 831 812 914 proelia
827 828 938 903 miles,

148 948 252 1026 Quod
276 946 409 1028 fugiens
423 942 601 1016 timuisset,
616 941 690 1004 iter.
707 958 792 1003 mox
812 936 882 1003 uda
902 933 1049 1019 receptis

149 1057 305 1122 Membra
320 1055 434 1118 forent
449 1051 562 1125 armis,
584 1047 782 1129 gelidosque
798 1064 821 1108 a
840 1045 969 1128 gurgite
984 1062 1086 1107 causu

151 1168 348 1234 Restituunt
370 1169 473 1236 artus,
489 1160 598 1223 donee
617 1157 828 1220 decresceret
841 1153 961 1215 umbra

150 1280 193 1344 In
207 1277 355 1342 medium
371 1276 524 1354 surgente
545 1269 613 1332 die.
631 1267 772 1350 jamque
788 1263 924 1345 agmina
937 1280 1072 1325 summa
1179 1260 1253 1327 155

153 1390 272 1473 Carpit
287 1404 402 1469 equeS,
426 1381 587 1461 dubiique
601 1377 704 1458 fugae,
720 1392 911 1457 pugnaeque
925 1377 1088 1437 tenendis.

195 1497 364 1562 Attollrmt
385 1510 507 1573 campo
523 1487 665 1570 geminae
676 1485 761 1568 juga
776 1503 886 1549 saxea
896 1504 1000 1567 rupes
1019 1548 1024 1561 ‚

152 1588 254 1672 Valle
271 1624 365 1668 cavae
380 1600 512 1664 media:
534 1597 635 1661 tellus
659 1595 739 1659 hine
763 1594 871 1659 ardua
885 1594 1000 1659 celsos

155 1716 337 1782 Continuat
352 1711 478 1774 colles:
500 1712 582 1773 tutae
598 1726 685 1789 quos
699 1706 786 1770 inter
800 1726 913 1790 opaco

154 1826 320 1889 Anfractu
333 1821 461 1885 latuere
476 1819 561 1883 viae:
584 1817 707 1899 quibus
722 1816 820 1881 hoste
834 1816 944 1901 potito
1182 1815 1252 1881 latr

153 1935 337 2008 Faucibus,
353 1931 460 1995 emitti
475 1935 635 1993 terrarum
650 1928 686 1990 in
701 1927 802 1990 devia
816 1924 975 2000 Martem,

154 2045 262 2127 Inque
278 2042 367 2105 feras
383 2046 498 2122 gentes
515 2036 632 2101 Caesar
647 2036 751 2101 videt.
789 2034 842 2099 Ite
858 2036 930 2099 sine
945 2034 1017 2099 ullo

157 2153 294 2226 Ordine,
311 2151 369 2225 ait,
384 2153 585 2230 raptumque
600 2146 682 2228 fuga
697 2146 880 2211 convertite
894 2146 1032 2220 bellum,

157 2262 201 2326 Et
215 2261 339 2324 saciem
359 2277 495 2342 pugnae,
510 2257 690 2339 vultrrsque
705 2256 1010 2329 inferteminaees:

157 2372 232 2437 Nec
248 2371 351 2434 liceat
365 2368 502 2452 pavidis
516 2368 640 2448 ignava
650 2369 852 2432 occumbere
866 2370 991 2428 morte:
1185 2367 1257 2431 165

158 2480 343 2562 Excipiant
361 2483 455 2540 recto
471 2477 638 2556 fugientes
653 2482 790 2557 pectore
805 2476 940 2538 ferrum.

261 2649 307 2694 148
318 2645 381 2692 colles
393 2644 473 2691 Cesar.
550 2641 692 2707 151sureaa.
768 2643 815 2691 153
825 2642 910 2706 gelidos
920 2661 942 2690 a.
1017 2646 1065 2692 158
1079 2660 1140 2692 caea.

490 2710 537 2757 160
547 2710 621 2768 petito.
815 2710 862 2756 165
875 2706 917 2754 Ne.

192 2852 245 2896 148.
264 2845 367 2894 Nudatos
387 2846 462 2891 Cesar
481 2845 553 2901 colles,
572 2844 628 2907 &c.]
655 2846 692 2891 Da
717 2844 1063 2907 diqueatrajectionecorpora
1072 2846 1185 2903 reficiunt,
1198 2854 1252 2897 ca'r-

157 2911 316 2970 tertiavigilia
327 2909 435 2957 Afranius
447 2916 514 2969 atque
525 2911 632 2969 Petrejus
643 2924 692 2956 css·
718 2925 789 2969 suque
803 2909 940 2957 calefaciunt
951 2912 982 2958 sd
994 2912 1114 2959 meridiem
1128 2928 1212 2976 mue,
1221 2930 1251 2965 ue

159 2983 196 3023 tra
215 2981 342 3029 moverant,
369 2973 474 3019 omnibus
497 2974 572 3033 copiis
593 2974 693 3020 Sicorim
718 2973 803 3020 defessi
813 2973 894 3036 praelio
905 2974 1049 3037 objiciantur.

159 3039 306 3094 transierant,
323 3038 352 3086 ad
369 3038 464 3084 Iberum
474 3045 539 3083 recto
555 3044 694 3085 maturantes
752 3038 806 3086 155.
822 3038 918 3100 Jamque
934 3041 1033 3104 agmina,
1052 3039 1110 3103 &c.]
1127 3042 1252 3105 Equitatuq

158 3104 250 3153 itinere.
268 3104 336 3161 Quod
348 3102 388 3147 ubi
399 3104 477 3149 Caesar
486 3117 529 3161 per
537 3102 694 3164 exploratores
719 3102 818 3151 Caesaris
828 3103 980 3152 novissimum
989 3104 1089 3152 hostium
1104 3122 1186 3169 agmen
1195 3124 1257 3157 ocu*

160 3175 309 3230 cognoverat,
327 3168 385 3214 duas
404 3166 577 3213 Afranianorurn
592 3167 695 3228 legiones
719 3174 838 3228 sequutus,
847 3183 951 3229 premere
962 3185 1011 3227 eos,
1021 3170 1113 3227 morari,
1127 3178 1197 3232 atqua
1206 3173 1253 3221 iter

160 3232 259 3281 Sicorim
272 3232 411 3288 traduxisse,
426 3236 502 3277 eastra
512 3232 541 3278 ad
556 3232 695 3293 Oetagesam
719 3232 832 3292 impedire
842 3234 921 3294 erepit.

161 3298 274 3359 oppidum
288 3298 316 3344 ad
328 3298 421 3343 Iberum
439 3296 539 3355 positum
556 3297 650 3352 munita,
661 3296 696 3343 ibi
752 3300 810 3348 15⁷.
822 3297 1030 3359 Attotlaatcampa,
1041 3297 1098 3361 dra]
1115 3300 1253 3349 Amillilrua

161 3378 232 3410 naves
244 3361 383 3422 conquisitas
395 3377 408 3406 e
423 3360 507 3419 quibus
521 3362 608 3421 junctis
625 3368 694 3421 ponte
719 3378 828 3423 passuum
837 3363 936 3423 quinquo
947 3363 1082 3424 campestris
1098 3363 1196 3421 itineris.
1208 3382 1254 3415 ex-

160 3428 222 3473 secto
242 3427 369 3474 exereitum
387 3426 533 3486 trajicerent:
551 3426 589 3472 ille
607 3426 696 3486 equites
719 3427 855 3487 ploratores,
864 3426 972 3484 retulere,
989 3435 1087 3483 montes,
1100 3428 1205 3479 difficilia
1219 3436 1259 3479 n.-

161 3490 257 3537 fluvium
267 3492 339 3538 multo
350 3505 422 3551 opere
440 3491 482 3536 vix
492 3506 597 3537 aversum
608 3496 696 3537 tentare
720 3506 765 3553 que
776 3490 931 3553 augustalem
938 3491 1055 3553 excipere.
1071 3494 1200 3541 laborabat
1210 3494 1256 3543 ita-

163 3562 187 3601 et
197 3555 294 3601 transire
302 3554 380 3615 jussit,
391 3570 473 3616 magna
487 3557 641 3615 jumentorum
654 3570 696 3601 uu·
720 3572 765 3617 que
775 3555 893 3603 Ceratae
904 3555 1020 3602 Afraniani
1031 3556 1069 3604 luis
1082 3558 1197 3619 augustiis
1215 3574 1255 3607 aa·

163 3633 227 3664 mero
240 3618 367 3667 influmine
379 3636 447 3681 snpra
462 3626 529 3679 atque
539 3620 598 3665 infra
612 3619 697 3666 causti·
720 3620 811 3680 cupatis
820 3627 844 3667 et
852 3620 900 3668 suis
907 3620 1039 3680 prohibitis,
1049 3622 1153 3668 exercitu
1160 3624 1256 3673 lberam

163 3688 215 3729 tuto
226 3689 250 3729 et
260 3683 352 3745 pedites
364 3685 460 3733 transire
474 3700 542 3731 ausos
552 3683 664 3731 traduxit.
721 3687 825 3746 trajecto,
837 3700 850 3730 e
861 3685 965 3732 manibus
975 3684 1067 3732 dimissi
1076 3686 1164 3733 bellum
1179 3694 1257 3739 traus-

198 3749 253 3795 149.
271 3746 321 3795 Nec
329 3765 428 3809 querere
436 3748 546 3811 petatem]
563 3750 625 3797 Pons
637 3748 698 3795 enim
721 3750 839 3797 terrentia
850 3749 981 3797 Celtiberos
995 3756 1018 3797 et
1028 3756 1128 3798 remotas
1138 3758 1230 3813 geutea.
1252 3752 1255 3759 '

164 3826 272 3872 magnum
282 3812 404 3860 circuitum
415 3815 519 3863 habebat.
755 3817 810 3862 160.
827 3812 988 3876 Hesperia]
1004 3814 1142 3863 Afranianis.

198 3876 254 3924 150.
272 3876 380 3924 Flavium
390 3878 517 3941 superare]
533 3878 640 3925 Ttauare.
754 3881 810 3927 161.
829 3876 960 3940 Faustae]
976 3879 1105 3941 Arrgustiis.
1116 3880 1209 3929 Parcis.
1254 3870 1259 3881 ’

198 3942 253 3990 151.
272 3940 393 4006 Paratae]
410 3943 491 3989 Cuncti
510 3943 559 3990 seil.
580 3945 697 4004 obtempe-
755 3945 811 3994 163.
828 3943 1046 4008 Raptamqaejiaga,
1058 3942 1116 4007 dra]
1126 3944 1207 3993 Nolite

165 4011 225 4050 rant.
243 4002 394 4069 Rapuitque]
411 4009 464 4055 Hoc
476 4016 520 4065 est,
531 4008 636 4055 celeriter
651 4024 698 4055 am-
722 4008 1051 4065 tihostem,bellum,oertum
1060 4008 1205 4059 rictoriamr
1234 4010 1258 4059 ia

165 4083 218 4115 uem
235 4066 414 4131 ingressurae
431 4070 571 4139 Rapuitqae,
588 4072 645 4135 &a.]
666 4072 699 4119 Et
723 4073 781 4133 eripi
792 4073 928 4134 perfugam.
1127 4128 1130 4133 ,
1306 4112 1310 4126 .

165 4133 320 4193 persequendi
329 4135 402 4182 hostis
412 4138 515 4185 studiose
527 4138 573 4184 alta
583 4145 608 4187 et
616 4136 698 4198 'rapida
755 4140 811 4185 164.
829 4136 860 4184 Et
868 4136 965 4202 faciem,
984 4137 1028 4185 &a
1043 4136 1178 4194 Neeliceat,
1196 4136 1256 4203 dra]

166 4198 257 4256 flumini
264 4200 409 4247 committunt
420 4202 506 4261 milites
515 4202 575 4265 Cres.
588 4202 648 4261 quad
661 4202 699 4248 rel
723 4196 761 4249 Ne
771 4209 866 4263 pereant
875 4203 954 4265 ignavi
964 4209 988 4253 et
997 4204 1111 4265 supertes
1119 4202 1221 4269 acceptia
1229 4202 1259 4253 in

165 4261 212 4322 ipsi
223 4263 337 4324 fagientes
348 4279 361 4310 e
371 4266 432 4313 ballo
444 4266 488 4313 vix
500 4272 634 4313 tentassent.
722 4273 788 4329 terga
797 4266 939 4324 vulneribus,
948 4268 1262 4333 aaurertitmxcipiautqua·
1306 4286 1310 4293 ·

199 4330 253 4378 152.
272 4327 326 4377 aaa
336 4331 383 4377 ada
393 4333 496 4391 receptis,
510 4329 566 4395 dte]
583 4330 631 4378 Udi
642 4330 700 4393 geli·
724 4332 822 4381 adversa
831 4338 926 4395 pectore
935 4332 989 4383 tela
