2784 4860
153 354 220 421 886
434 351 485 419 Μ.
522 353 728 424 ANNAEI
764 350 991 427 Lucam

155 528 235 609 Quo
251 527 385 593 steterit
399 527 551 593 ferienda
565 529 656 595 loco.
672 531 836 614 pennista
849 531 1003 599 secundo

155 639 282 704 Ordine
296 639 473 716 nobilitas
493 641 754 724 venerandaque
770 661 917 725 corpora
929 642 1020 708 farra

155 748 325 831 Urgentur
339 771 346 814 :
370 751 509 815 caedunt
522 751 686 834 Lepidos,
702 752 905 836 caeduntque
919 751 1095 830 Metellos,

154 859 391 944 Corvinosque
407 863 518 925 simul.
542 861 784 945 Torquataque
799 863 939 927 nomina
951 862 1077 945 legum,

154 970 257 1055 Saepe
274 972 391 1047 dacae,
403 991 621 1054 summosque
632 973 806 1035 hominum
816 979 861 1048 te,
875 972 1169 1055 Magne‚remoto.
1194 974 1264 1039 585

198 1080 275 1145 Illic
291 1082 429 1163 plebeia
444 1086 621 1143 contectus
635 1081 771 1144 casside
785 1082 912 1158 vultus,

155 1192 367 1275 Ignotusque
382 1192 485 1266 hosti,
502 1191 595 1272 quod
608 1190 731 1254 ferrum
750 1192 854 1258 Brute
868 1195 1031 1260 tenebas!

154 1305 186 1369 0
203 1305 308 1368 decus
323 1303 471 1386 imperii,
489 1322 570 1384 spes
587 1321 608 1366 ο
624 1322 783 1386 suprema
799 1303 957 1382 Senatus,

153 1414 351 1479 Extremum
367 1414 453 1476 tanti
466 1413 596 1494 generis
611 1432 673 1496 per
690 1415 810 1478 secula
822 1434 957 1492 nomen,

153 1524 210 1589 Nc
225 1545 284 1588 rue
300 1545 361 1607 per
376 1523 511 1587 medios
522 1523 663 1586 nimium
676 1526 874 1589 temerarius
888 1524 1018 1602 hostes,
1193 1526 1259 1593 588

156 1634 232 1699 Nec
248 1637 311 1699 tibi
326 1635 449 1699 fatales
466 1635 658 1699 admoveris
677 1639 755 1698 ante
769 1634 965 1720 Philippos,

151 1747 334 1811 Thessalia
346 1749 494 1831 periture
510 1753 580 1811 tua.
606 1746 655 1810 nil
668 1744 808 1829 proficis
819 1745 899 1808 istic

154 1856 304 1922 Caesaris
319 1859 467 1922 intentus
483 1858 626 1942 jugalo:
648 1855 799 1920 nondum
821 1856 932 1937 attigit
953 1874 1069 1920 arcem

248 2008 298 2056 584
312 2021 396 2069 regum.
470 2007 518 2053 586
531 2013 652 2052 contentos.
728 2007 861 2064 satrapa.
937 2004 1081 2067 sosgerero
1089 2005 1156 2053 tanti.

455 2071 587 2120 maurina
781 2071 832 2117 593
840 2076 945 2127 mro.
1224 2074 1234 2085 ‘

152 2208 241 2271 perium
254 2210 380 2255 itomanam
391 2213 463 2267 petat,
472 2208 555 2270 quihus
567 2215 690 2270 extorque·
714 2223 811 2269 quorum
822 2208 933 2271 auspiciis
944 2209 1024 2271 Reges
1034 2208 1081 2271 ipsi
1092 2224 1156 2271 seps
1167 2210 1254 2261 miliu-

150 2281 176 2321 at
195 2274 357 2320 monarchiam.
371 2273 474 2320 Libertas
489 2272 589 2335 ultima]
608 2275 689 2322 hiber·
713 2272 797 2319 verint.
810 2272 844 2319 sio
856 2274 897 2321 lib.
911 2276 1004 2321 8.vcrs.
1015 2276 1070 2325 207·
1079 2274 1153 2323 etlih.
1167 2278 1253 2327 10³5

150 2338 205 2385 tatis
216 2345 400 2398 propugnatores
411 2337 493 2384 summi
504 2346 529 2385 et
539 2338 622 2384 ultimi.
713 2339 769 2384 136.
781 2344 805 2385 et
815 2338 855 2385 lib.
866 2340 889 2385 5.
906 2354 967 2386 vers.
984 2342 1023 2388 88.
1041 2338 1139 2387 Nomina
1156 2340 1253 2407 legum]

182 2405 238 2450 581.
258 2402 476 2457 Permutasecaado,
488 2402 545 2466 dre]
564 2403 688 2464 Equitibus
713 2402 753 2448 Sic
763 2409 786 2450 et
798 2404 892 2450 antehac
903 2403 998 2451 Grotius
1007 2404 1131 2465 legendum
1145 2406 1256 2467 ceassiu

148 2468 272 2530 permistus
285 2475 386 2514 senatus.
402 2475 448 2514 tres
465 2469 526 2514 euim
537 2467 605 2514 Rom.
625 2469 688 2515 ordi·
713 2469 753 2514 sed
766 2468 850 2516 deiude
863 2476 973 2531 sequutus
984 2476 1020 2516 est
1036 2470 1072 2516 cl.
1082 2470 1136 2517 Joh.
1150 2472 1254 2533 Balgat-

149 2546 200 2585 nes,
213 2533 333 2587 Patritius,
344 2533 466 2592 Equester,
478 2533 596 2579 Plebeiae.
712 2532 780 2587 sium,
799 2533 838 2594 qai
857 2533 1006 2581 fflstinohoue
1021 2534 1096 2581 locum
1114 2535 1150 2583 sio
1170 2542 1252 2585 sust:

173 2599 238 2647 588.
258 2596 432 2659 Venerandaqus
449 2597 621 2661 corporatae]
638 2598 686 2644 No·
714 2596 867 2660 Torquataque
883 2600 981 2655 uomina,
996 2596 1085 2663 Regum
1100 2599 1163 2663 Seps
1175 2600 1253 2659 «ιω,

149 2661 209 2708 biles
219 2661 344 2708 illustrium
354 2663 491 2708 familiarum
501 2662 545 2708 viri
557 2663 686 2721 cujusmodi
711 2661 756 2708 &a
769 2663 874 2710 Grotius.

147 2740 234 2789 psucm
250 2732 376 2783 enumerat,
386 2727 497 2787 Lepidos,
507 2727 624 2784 Metellos,
634 2728 685 2774 Vsl.
743 2732 799 2778 585Ι
817 2727 877 2788 Seps
887 2729 962 2786 duces,
970 2742 1106 2791 summam
1115 2726 1251 2793 hasim]

149 2792 272 2845 corvinos,
285 2792 385 2837 Manlios
397 2792 533 2852 Torquatos.
711 2793 809 2839 eadunt
831 2793 945 2848 tribunos,
963 2792 1103 2848 consulares,
1122 2800 1251 2851 samm,

181 2858 235 2904 584.
255 2855 409 2916 Torquataque
421 2857 512 2902 uomina
529 2855 622 2919 tegula]
639 2856 686 2915 Qui
711 2872 812 2903 summos
822 2872 902 2904 omnes
912 2864 1013 2919 excepto
1024 2857 1142 2917 Pompeio.

148 2919 228 2980 legunt
243 2935 321 2981 regom
332 2921 428 2967 multum
443 2926 577 2980 torquentur
593 2928 619 2966 ut
632 2919 685 2979 Tor-
743 2922 800 2968 586.
817 2918 979 2980 intepretata,
997 2920 1056 2984 δια]
1081 2921 1136 2968 illio
1154 2922 1251 2971 Hm

149 2992 217 3046 quota
225 2984 314 3030 nomina
323 2984 446 3031 concilient
454 2984 549 3045 regibus.
561 2984 608 3029 Alii
619 2986 686 3030 intel·
711 2984 799 3030 Brutus
806 2984 904 3044 plebeiis
915 2984 984 3030 aruris
999 2990 1076 3031 tectus
1090 2984 1162 3033 latuit
1171 2987 1250 3033 οη-

147 3054 296 3112 liguntregos
303 3055 422 3110 torquatos
435 3053 536 3129 0pr
552 3051 624 3097 duces
638 3059 685 3098 tor·
709 3048 786 3095 riauos
793 3051 872 3108 jussos
880 3055 961 3109 petere
969 3048 1033 3095 viros
1040 3049 1169 3113 pmueipss,
1178 3050 1249 3098 nodo

147 3121 232 3182 quihus
250 3129 350 3167 ornatos.
371 3118 420 3164 Alii
432 3120 685 3166 familiamhlauliorum
710 3128 771 3159 vers.
782 3116 839 3160 578.

147 3186 186 3232 cui
197 3202 323 3245 cognomen
334 3183 445 3243 Torquati
462 3200 475 3230 a
491 3191 572 3242 torque
583 3183 686 3230 detracta
742 3180 798 3226 587·
818 3174 977 3240 Quodsemm
987 3176 1178 3241 mereretur]
1192 3180 1248 3241 Qua

149 3250 217 3298 Gallo
228 3266 289 3297 caso
301 3249 340 3310 qui
351 3264 403 3294 eum
412 3247 435 3294 in
447 3247 562 3308 singulare
570 3255 685 3294 certamen
708 3241 832 3301 postmodo
843 3241 958 3288 Caesarem
968 3256 1020 3288 eras
1031 3241 1162 3300 occisurus,
1176 3250 1204 3291 st
1218 3243 1249 3293 li·

146 3321 322 3377 provocaverat,
333 3313 385 3359 Liv.
397 3312 438 3358 lib.
449 3314 473 3359 7.
489 3314 517 3358 Δ.
536 3311 596 3358 Gell.
607 3312 648 3360 lib.
660 3315 683 3360 9.
710 3308 820 3353 hertatem
832 3306 974 3352 restitueres.

146 3396 198 3440 cap.
211 3385 250 3429 13.
261 3386 285 3426 et
303 3378 392 3438 regium
408 3377 466 3423 illud
483 3376 685 3437 insigneTorqua-
741 3374 797 3421 589.
816 3370 947 3417 Eatrsmum
970 3371 1038 3427 tanti,
1058 3367 1118 3432 hta]
1150 3369 1248 3419 mona

146 3445 177 3491 tis
189 3446 313 3491 convenire
327 3442 413 3488 volant.
432 3442 527 3489 Grotius
538 3443 645 3487 emendat
655 3441 684 3487 ie·
710 3437 785 3496 gentls
796 3437 921 3482 Brutorum
930 3452 944 3482 8
952 3435 1023 3482 «iunio
1035 3436 1119 3490 Bfflwr
1127 3435 1168 3495 ‘1¹¹5
1177 3450 1248 3497 πμ

143 3523 199 3573 gum
212 3518 238 3556 ut
248 3510 316 3556 modo
328 3524 363 3554 rs.
373 3510 429 3555 579.
448 3507 521 3570 legum
532 3507 630 3560 uomina
640 3505 685 3552 hoc
709 3500 798 3561 exegit,
806 3506 915 3547 ortorum.
927 3514 996 3561 quera
1004 3499 1175 3561 tamensbsqss
1183 3500 1248 3549 virili

145 3580 190 3628 est,
201 3575 280 3620 liherae
297 3572 440 3633 reipublicae.
457 3572 525 3617 Hanc
543 3570 562 3617 si
579 3571 685 3617 admitta-
709 3565 782 3625 stirpe
793 3565 893 3626 periisse
904 3566 974 3612 refert
982 3564 1081 3624 Dionys.
1091 3562 1213 3613 Hdiosrs.

144 3653 197 3686 mus
219 3639 400 3695 correctionem
421 3636 537 3696 concipio,
555 3636 684 3695 Torquatos
742 3631 797 3677 590.
816 3628 852 3676 Ne
865 3643 908 3676 rue
919 3644 962 3690 per
976 3630 1067 3685 medias,
1083 3626 1142 3692 δια]
1170 3628 1248 3679 Pam

145 3703 306 3751 severissimos
323 3710 449 3749 assertores
459 3701 536 3762 legum
551 3701 606 3754 dici,
623 3699 685 3747 sicut
709 3693 752 3740 fibi
764 3709 838 3755 neque
857 3708 900 3754 per
918 3694 1071 3741 temeritatem
1088 3708 1183 3741 mus
1200 3694 1247 3743 ott

144 3764 684 3829 Mauthrmimperia,severaillaetrigidaprop·
708 3765 805 3806 mortem
816 3764 981 3834 praematurum.
994 3772 1089 3805 reserva
1099 3764 1125 3804 ta
1141 3758 1172 3806 sd
1188 3758 1247 3809 taci-

143 3839 181 3880 ter
191 3832 261 3879 filium
277 3833 352 3878 securi
371 3831 433 3878 feriri
450 3833 549 3892 jussum,
566 3828 611 3876 &a
629 3829 681 3876 Iriv.
708 3839 751 3871 nus
762 3830 1020 3886 oportunioretempore
1171 3840 1219 3874 un.

143 3897 186 3945 lib.
197 3901 219 3944 8.
232 3898 269 3944 vel
280 3896 364 3958 respici
378 3898 406 3943 ad
416 3896 546 3943 libertatem
557 3901 582 3941 et
594 3893 682 3940 Consu·
740 3891 795 3939 591.
814 3887 864 3935 Nec
874 3888 914 3933 tihi
920 3886 1014 3951 fatales,
1048 3888 1082 3952 a]
1097 3888 1187 3937 Nouln
1197 3888 1244 3939 hoo

142 3962 191 4010 lare
203 3962 334 4022 imperium,
350 3962 411 4022 quod
428 3968 506 4008 noster
522 3960 598 4023 legum
608 3958 682 4005 nomi·
707 3953 770 4000 civili
780 3952 842 3999 bello
853 3952 876 3998 in
888 3952 1017 4009 Pharsalia,
1026 3953 1068 4000 sed
1076 3952 1150 4000 altero
1160 3958 1244 4013 sttuo,

143 4043 173 4076 ne
185 4042 247 4087 saepe
258 4027 373 4088 exprimit.
385 4041 455 4087 supra
463 4027 595 4072 reuulso.
606 4031 630 4069 et
637 4023 680 4070 lib.
706 4019 729 4066 in
740 4017 858 4078 Philippis
865 4019 894 4063 ab
905 4017 1007 4064 Antonio
1018 4024 1043 4064 et
1049 4017 1150 4065 Octavio
1158 4018 1243 4069 vidus.

144 4096 168 4143 9.
182 4095 236 4142 267.
247 4095 303 4140 385.
316 4096 372 4140 560.
385 4090 569 4136 Nomiaaautem
578 4088 681 4148 Torqua·
706 4083 760 4131 vide
773 4098 824 4144 qnae
836 4083 866 4128 ad
876 4098 912 4129 vs.
925 4086 981 4133 680.
992 4082 1009 4129 l.
1022 4085 1045 4129 1.

143 4164 176 4215 ta,
187 4159 211 4205 id
224 4165 267 4211 est,
284 4157 348 4218 ipsos
360 4158 489 4216 Torquatos
508 4160 534 4200 ut
550 4169 605 4199 mox
618 4168 680 4201 vers.
737 4152 794 4199 593.
811 4145 919 4194 Nondum
939 4144 1025 4211 attigit,
1048 4146 1107 4211 &aJ
1131 4147 1243 4199 Nostin

141 4223 200 4272 589.
218 4223 311 4269 Nodum
332 4236 386 4268 vero
399 4218 497 4266 solvisse
507 4218 617 4277 litemque
629 4234 680 4265 sus·
705 4220 741 4260 est
750 4219 868 4261 assecutus
884 4213 955 4275 &pir
971 4218 997 4260 et
1012 4226 1127 4261 nmmum
1136 4214 1243 4277 inparti,

141 4288 224 4335 tulisse
232 4288 334 4339 videtur,
344 4285 383 4348 qui
391 4284 463 4347 legit:
482 4283 680 4346 Torquataquena·
703 4284 730 4326 ut
740 4285 855 4326 mereatur
869 4278 1030 4326 caderemus
1040 4276 1119 4336 Bruti,
1132 4278 1242 4341 σιμὴ

140 4354 226 4399 ninas
269 4348 678 4413 marpaaaaaaaepiaorseitus
702 4342 1242 4409 mihaeopurearsgerutlsre.rtrstreqaea

140 4368 678 4491 tallosffiiriuoqfl'orquatosillustresviros,
701 4423 747 4470 quo
757 4408 831 4473 prius,
845 4416 879 4464 ut,
890 4405 936 4456 &a
1113 4416 1130 4435 -·
1234 4430 1238 4435 -
