2784 4860
151 330 198 408 ab
375 332 722 414 JMQANNAEI
767 334 992 407 Lucani
1031 354 1034 362 ¹

152 515 296 593 mlius,
319 511 517 596 emeritique
532 528 655 593 gerens
666 509 813 591 insignia
826 508 920 586 deni,
998 560 1002 564 Α

155 624 289 692 Servati
304 623 391 688 civis
403 621 602 688 referentem
617 621 760 704 praemia
774 637 959 701 quereum3

24 732 31 738 ’
75 757 77 760 ⁴
156 735 301 812 Silieet,
324 734 507 811 exclamat,
531 731 681 798 Romani
696 729 846 800 maxime
860 733 971 800 rector

156 847 328 923 Neminie,
351 845 452 911 etsas
467 849 632 916 estveras
648 861 849 925 expromere
863 858 988 919 voees;
1195 840 1266 907 366

157 957 262 1038 Quod
276 963 346 1023 tam
360 955 666 1028 lentathastenuit
679 953 845 1036 patientia
858 951 950 1016 vires
1242 941 1245 947 ’

155 1069 414 1154 βοῃῳιοτίιῆω.
431 1069 589 1133 deeratne
604 1065 667 1130 tibi
681 1063 809 1135 fiducia
822 1061 950 1126 nostrii
1071 1151 1076 1155 ⁵

158 1181 252 1246 Dum
265 1184 380 1246 movet
392 1179 449 1244 hic
465 1177 599 1248 calidus
614 1172 780 1258 spirantia
794 1189 939 1254 corpora
952 1169 1105 1253 sangrh,

158 1291 203 1357 Et
218 1292 299 1358 dum
312 1291 385 1375 pila
399 1289 515 1354 valent
528 1288 638 1383 fortes
647 1291 804 1368 torquere
819 1282 951 1360 lacerti,

157 1403 371 1485 Degenerem
382 1401 512 1484 patiere
526 1403 652 1480 tegam,
675 1414 882 1477 regnumque
897 1393 1065 1460 Senatusl
1200 1391 1267 1468 366

134 1584 137 1596 ,
159 1511 280 1596 Usque
296 1512 383 1578 adeo
398 1512 559 1582 miserum
575 1513 627 1572 est
641 1507 736 1572 civili
750 1506 887 1570 vincere
901 1504 1016 1570 bellet

157 1624 240 1699 Duc
254 1642 318 1705 age
332 1642 393 1705 per
409 1619 558 1703 Scythiae
573 1617 734 1701 populos,
757 1636 818 1698 per
830 1614 1005 1698 inhospita
1019 1613 1129 1698 Syrtis

160 1732 303 1808 Littera,
316 1752 387 1828 ¹per
403 1730 535 1802 calidas
550 1729 670 1811 Libyae
687 1726 832 1793 sitientis
846 1745 980 1790 arenas.

161 1841 253 1909 Haec
268 1861 400 1918 manus,
424 1845 462 1913 ut
476 1840 605 1905 vietum
620 1843 702 1922 pest
715 1842 809 1935 terga
822 1837 1026 1920 relinqueret
1040 1837 1169 1915 orbem,

161 1953 293 2022 Oceani
307 1952 455 2024 tumidas
469 1970 563 2024 remo
579 1949 793 2034 compescuit
807 1948 937 2014 undas:
1201 1947 1267 2020 376
1347 1970 1349 1977 ’

161 2063 276 2148 Fregit
286 2058 323 2138 et
336 2063 466 2137 Arctoe
481 2066 694 2146 spumantem
708 2060 837 2131 vertice
852 2058 1022 2129 Rhenum.

204 2201 347 2266 Sittacene.
412 2209 570 2259 essertines.
641 2211 690 2260 359
701 2210 790 2257 decta.
856 2211 905 2257 360
908 2213 953 2272 jer
962 2219 1001 2259 est.
1076 2211 1222 2258 360eemu.

415 2288 532 2336 aeaeae.
613 2287 763 2352 seanaeya.
861 2289 1011 2338 anemae.

162 2396 230 2451 atque
241 2389 266 2437 hi
280 2389 368 2449 singuli
383 2389 407 2437 in
422 2389 504 2436 decern
520 2396 597 2452 partes
611 2387 701 2436 divide·
758 2391 815 2438 361.
827 2387 902 2436 Lente
913 2389 983 2452 taes]
1001 2391 1108 2452 Attentie
1117 2387 1271 2452 avereennda

162 2462 252 2509 rentur,
278 2455 363 2515 quibus
392 2452 498 2515 partibus
527 2453 701 2514 praeficerentur
725 2454 904 2515 reprehensione
914 2455 1040 2516 patientia,
1051 2471 1097 2516 qua
1106 2456 1203 2503 Senatus
1212 2455 1270 2502 abu·

164 2518 335 2577 Centuriones3
367 2520 447 2582 primae
475 2518 568 2581 quidam
598 2519 701 2566 cohortis
726 2519 790 2565 titur.
1215 2575 1217 2579 ι

163 2594 208 2632 een
215 2583 307 2632 ordinis
317 2583 460 2631 Trierierurn
468 2582 578 2645 (namque
590 2583 615 2629 hi
625 2590 702 2640 telate,
758 2585 815 2631 363.
832 2583 897 2630 Dum
912 2593 991 2643 meet,
1009 2583 1068 2648 &e.]
1092 2583 1156 2632 Dera
1175 2581 1274 2645 spiritua.

162 2662 217 2706 aaa,
232 2648 369 2697 tortitudine
383 2649 474 2696 eoenris
484 2647 637 2712 prestabant)
647 2664 701 2696 cen·
726 2649 763 2695 bes
773 2649 833 2711 regit
842 2657 914 2696 artas.
1254 2663 1260 2670 “

163 2706 226 2761 turio
241 2715 400 2778 appellabatur
418 2714 560 2775 Primipiles,
576 2716 643 2775 cujus
660 2730 701 2760 ve-
759 2717 815 2764 365.
833 2712 973 2778 Degenerem
984 2715 1074 2774 petiere
1084 2712 1179 2778 tegam]
1194 2714 1273 2776 'fega-

160 2777 248 2826 luetati
256 2786 282 2826 et
291 2778 390 2840 imperio
399 2778 486 2826 milites
497 2793 576 2826 omnes
587 2785 703 2842 parerent,
727 2787 765 2826 tes
779 2779 867 2826 inertes
877 2786 902 2825 et
915 2779 1030 2827 imbelles.
1063 2779 1214 2844 Regaomqee
1233 2778 1272 2827 Se·

163 2849 258 2904 eratque
267 2844 310 2891 ille
321 2843 414 2890 consilii
424 2844 547 2907 particeps.
727 2843 815 2906 aaran]
850 2844 969 2892 Atrociter
985 2851 1010 2891 et
1026 2844 1152 2900 invidiose,
1171 2846 1272 2903 Senator

195 2909 253 2956 35⁷.
287 2907 591 2972 Emeritiqaegerens,&c.]
615 2910 704 2956 Gerena
726 2908 1273 2974 auctoritatemre'gnumnomiuat:etdeeetin

164 2981 275 3035 quomam
283 2975 506 3021 ceronamdenatam
514 2974 704 3020 intestimenium
727 2975 780 3035 ipse
790 2975 922 3022 narratione
930 2976 1079 3048 impetentem
1091 2974 1271 3032 dominationem

164 3036 252 3086 servati
269 3038 337 3093 ciris,
353 3037 473 3100 hostisque
492 3039 518 3086 in
536 3039 618 3100 praelio
633 3039 704 3098 eaesi3
729 3041 835 3096 Senatus,
844 3049 868 3086 et
878 3039 992 3088 invidiam
1004 3041 1086 3102 gloriar
1097 3041 1185 3088 alienae.
1203 3037 1271 3101 Hert.

163 3103 197 3151 de
207 3103 300 3150 eorenis
311 3102 402 3150 eaeteris
411 3103 467 3150 vide
477 3106 505 3151 A.
516 3103 619 3150 Gellium
628 3104 671 3154 lib.
680 3106 704 3153 5.
765 3107 822 3153 367.
841 3103 896 3152 Dae
907 3121 956 3168 ege,
967 3105 1024 3168 bre]
1041 3104 1227 3168 Amplilieatiena
1238 3104 1273 3152 le-

163 3175 215 3230 eap.
227 3169 251 3214 6.
268 3175 319 3216 erat
327 3169 387 3215 lertc
398 3175 515 3216 evocatus.
534 3168 588 3214 ride
606 3184 657 3229 qnae
674 3169 704 3216 ad
730 3185 810 3225 cerum
821 3177 942 3231 promptos
952 3170 1052 3217 militum
1062 3170 1152 3217 animer
1163 3185 1191 3216 ae
1200 3171 1273 3217 bene·

163 3240 227 3280 vert.
236 3233 268 3282 4⁷
271 3239 294 3282 1.
305 3233 346 3280 lib.
358 3235 383 3280 7.
730 3229 858 3299 voles'erga
865 3237 954 3282 Ducem
964 3235 1049 3296 arguit.
1066 3233 1171 3282 limena.
1179 3233 1273 3297 Syna]

197 3299 255 3348 358.
272 3295 410 3358 oenone]
432 3298 518 3344 'Potum
530 3313 572 3360 pre
583 3304 656 3359 perte,
666 3313 706 3343 ee·
730 3299 812 3360 Syrtes
823 3300 876 3344 duae
887 3307 948 3355 sunt,
955 3302 1031 3361 Major
1042 3307 1066 3347 et
1076 3299 1240 3355 Minerseinus
1247 3298 1273 3346 ln

164 3362 705 3425 renumqucrnarn.Supraenimdemonstratum
729 3362 788 3415 mari
807 3362 907 3424 Libyco,
928 3371 1023 3426 prepter
1041 3365 1126 3410 fluetus
1144 3363 1274 3425 arenasque

101 3481 105 3487 .
165 3435 211 3484 eet,
228 3444 316 3489 querna
333 3442 420 3474 corone
438 3442 490 3474 eum
508 3427 606 3474 militem
623 3426 706 3488 denari
730 3427 848 3474 affluentes
867 3444 893 3474 ae
908 3431 1033 3475 refluentes
1049 3428 1273 3490 impemnosi'atque

99 3494 107 3506 ’“
166 3493 250 3548 solere,
261 3494 301 3554 qui
310 3491 370 3539 civis
377 3491 454 3539 civem
462 3490 576 3554 inpraelie
584 3498 705 3538 sanasset.
729 3491 895 3552 navigantibus
905 3493 998 3553 infesti;
1017 3493 1074 3540 vide
1095 3492 1201 3542 Sallustii
1215 3493 1272 3550 bell.

199 3558 256 3607 3⁵9.
282 3557 307 3604 Si
328 3557 389 3613 lieet,
411 3555 541 3618 excierant]
568 3555 707 3604 Hortatoria
729 3558 785 3618 Jug.
797 3556 932 3605 Orationem
942 3561 966 3608 5.
989 3557 1074 3605 Dionis
1090 3559 1187 3606 Pmsaei.
1214 3559 1273 3608 Pre-

166 3618 243 3670 eratie
254 3629 290 3669 ast
300 3621 370 3668 Laelii
386 3622 415 3668 ad
428 3623 551 3678 Gaesarem,
568 3627 595 3668 ut
611 3637 640 3668 ee
652 3637 706 3682 per·
731 3621 823 3685 eepium
834 3624 858 3670 6.
874 3623 947 3670 AEdif.

167 3693 216 3748 gat,
236 3701 283 3748 que
305 3685 339 3733 ire
358 3686 515 3734 constituerit.
549 3687 707 3750 Reprehendit
762 3689 818 3738 363.
842 3687 889 3736 Per
899 3688 986 3736 calidae
996 3686 1097 3752 Libya]
1120 3686 1272 3745 Pandaterte

97 3782 100 3795 .
167 3752 306 3806 verecunde,
333 3751 397 3813 qued
412 3767 461 3797 nen
480 3767 523 3798 suo
534 3753 588 3812 jure
606 3750 707 3798 militurn
732 3750 1059 3814 Libyaeaqnurumexpertie.

166 3830 239 3879 opera
249 3823 335 3864 utatur.
354 3818 438 3862 Monet
448 3815 544 3863 effeetus
555 3817 584 3863 ab
594 3815 707 3878 indign03
763 3819 820 3867 369.
847 3816 1026 3882 accamanus]
1059 3818 1182 3872 Δεικταῦς.
1201 3825 1274 3867 anem

167 3880 707 3943 commemoratruapraeelarnlncineraatvir·
732 3883 864 3931 ostendens.
1259 3940 1262 3945 ¹

161 3951 241 3994 tutem
252 3946 353 3993 militena
368 3961 410 4008 pro
427 3946 570 4008 Imperatore
581 3963 624 3994 rue
635 3961 707 3995 nave·
765 3950 822 3996 370.
850 3947 957 4012 Oceani]
984 3949 1044 3996 Cum
1066 3946 1212 3998 Britanniam
1231 3961 1274 4011 ag-

167 4017 230 4059 iam:
247 4010 365 4072 premittit
377 4010 472 4072 insuper
483 4027 547 4060 enam
559 4028 653 4075 operam
660 4029 668 4073 3
684 4021 709 4060 et
732 4027 825 4076 gressm
835 4021 877 4062 est.

168 4076 232 4124 ultro
251 4083 395 4124 sacramente
410 4092 436 4124 se
454 4077 544 4137 obligat
559 4078 709 4132 edebeunda
766 4081 822 4127 371.
839 4080 921 4128 Arctoe
935 4078 1039 4142 eatae]
1065 4079 1104 4126 Ob
1119 4079 1274 4143 impetuosum

166 4142 231 4202 jussa
242 4141 400 4204 Imperatoris,
407 4142 478 4190 etiam
486 4142 568 4204 impia,
576 4141 596 4188 si
605 4142 710 4204 sitepns.
733 4144 906 4208 violentnmqne
914 4147 1069 4207 eJuseursnm,
1076 4143 1117 4206 qui
1124 4143 1165 4192 ubi
1173 4142 1275 4195 maxime

169 4203 276 4254 Heriem.
311 4203 411 4256 Maxime
435 4206 540 4269 Recten]
579 4209 710 4271 Exordium
734 4210 864 4258 verticosus
872 4219 915 4267 est,
925 4211 988 4257 eirca
997 4209 1111 4271 originem
1119 4224 1191 4264 snam,
1201 4206 1275 4267 nullis

167 4271 264 4319 <loetum
274 4287 288 4318 a
297 4272 540 4336 benevolentiaque
549 4279 627 4334 captat
638 4289 651 4320 a
660 4285 712 4336 per·
734 4276 835 4336 navigiis
851 4275 991 4337 navigabilis
1001 4292 1009 4334 3
1031 4282 1058 4323 et
1068 4274 1153 4337 multip
1168 4270 1277 4322 mntem

169 4351 227 4386 rene
241 4337 351 4394 Caesaris,
368 4353 438 4399 quum
455 4341 511 4386 eum
527 4338 711 4392 Rem'nerninis
734 4338 1278 4404 auctusinOeeannmSeptentrienalemint‘nn·

116 4459 122 4467 ,
169 4402 296 4453 maumam
306 4404 432 4453 Rectorem
442 4403 552 4453 nominat.
569 4400 641 4463 Iden.
735 4393 806 4455 (litae.
823 4404 930 4466 Horten.
953 4406 1099 4468 Spumantem
1113 4403 1198 4455 anae
1214 4402 1278 4453 Rhe·

1243 4605 1264 4624 μ,

1232 4639 1241 4669 i
1250 4663 1264 4682 ¹5

1254 4685 1278 4711 ..1,
