2784 4860
133 338 205 404 ,910
362 352 365 357 ·
419 331 472 399 Μ.
509 328 715 399 ANNAEI
759 329 983 409 Lucum

141 510 237 575 Scire
251 527 380 593 rogum.
396 506 500 571 liceat
513 504 642 568 morbis
656 503 752 569 finire
771 508 959 569 senectam.

141 621 194 685 Sit
208 625 330 703 praeter
345 616 478 699 gladios
494 613 635 697 aliquod
651 615 715 679 sub
731 613 869 681 Cessare
883 615 1004 681 fotum.

142 729 247 808 Quid,
262 730 355 793 velut
369 728 506 809 ignaros
528 726 572 789 od
588 744 666 807 qum
681 730 838 807 portento
855 744 1054 811 paremur·

141 839 212 923 Spe
228 839 358 902 trahis?
382 857 490 919 usque
507 836 593 900 odeo
609 836 676 899 soli
691 835 851 901 civilibus
872 837 996 901 armis
1044 878 1047 883 -
1087 878 1092 887 ·
1122 862 1125 867 ·
1178 834 1243 903 286

141 949 327 1016 Nescimus
342 948 441 1032 cujus
457 948 596 1013 sceleris
611 947 658 1011 sit
670 948 822 1012 maxime
841 949 1005 1013 mercesl·

142 1063 204 1128 Nil
219 1068 334 1128 actum
349 1067 401 1126 est
414 1061 527 1138 bellis,
543 1062 574 1125 ei
588 1060 738 1125 nondum
760 1060 925 1143 comperit
935 1060 1022 1125 istus
1045 1098 1048 1103 ·

142 1173 267 1237 Omnia
281 1192 386 1257 posse
401 1192 534 1237 monus.
548 1192 613 1237 uec
623 1171 689 1247 fes,
700 1190 764 1235 uec
778 1171 919 1235 viuculo
933 1170 1021 1254 Juris
1040 1194 1044 1215 ¹
1072 1208 1076 1213 -

141 1282 223 1348 Hoc
240 1284 362 1348 audere
378 1288 503 1353 vetant.
549 1281 662 1346 Rheni
675 1282 759 1348 mihi
780 1282 899 1349 Caesar
913 1284 1061 1349 iurmdis

142 1393 226 1460 Dux
241 1400 323 1470 erat,
338 1395 394 1458 hic
407 1395 535 1458 socius.
580 1393 730 1459 Fucinus
745 1415 834 1477 quos
848 1396 1158 1479 inquinet53oequut.
1179 1394 1246 1461 29⁰

141 1503 254 1581 Adde,
271 1505 364 1586 quod
377 1505 509 1586 ingrato
524 1504 719 1571 meritorum
729 1504 848 1588 judice
862 1506 970 1571 virtue
1074 1542 1078 1551 =

143 1613 273 1678 Nostro
288 1614 385 1697 perit.
402 1614 566 1696 quicquid
580 1615 739 1694 gerimus,
754 1615 891 1679 fortune
907 1620 1062 1681 uocauere

143 1722 220 1788 Nos
235 1725 342 1789 fetum
357 1726 444 1789 sciat
458 1744 536 1789 esse
551 1743 661 1789 suum.
676 1725 758 1789 licet
772 1744 872 1790 omne
887 1725 1041 1793 Deorum
1074 1762 1078 1769 ·

144 1833 357 1918 Obsequium
372 1856 501 1919 speres,
522 1837 609 1900 irato
624 1835 741 1913 milite,
758 1834 898 1914 Caesar,
926 1850 929 1855 '
1017 1870 1022 1877 ·

143 1944 222 2011 Pax
237 1949 310 2013 erit.
356 1947 446 2013 Hoec
462 1948 565 2023 fotus,
580 1946 663 2011 totis
674 1946 861 2012 discurrere
877 1948 1000 2015 cestris
1181 1947 1248 2017 296

144 2055 316 2142 Coeperat,
338 2059 531 2141 infestoque
546 2057 668 2121 ducem
683 2057 806 2122 ducem
821 2058 1009 2142 deposcere
1022 2058 1131 2125 vultu.

186 2166 245 2230 Sic
260 2174 327 2246 eet,
350 2189 371 2232 o
383 2168 517 2252 Superi,
537 2167 675 2250 quondo
690 2168 881 2255 pietasque,
903 2169 1064 2254 fidesque-

145 2276 353 2357 Destituum,
368 2299 549 2363 moresque
564 2279 674 2345 melos
689 2298 827 2363 sperare
841 2280 998 2347 relictum
1006 2285 1084 2361 θεὶς
1186 2299 1196 2309 ·

451 2446 575 2496 seeum.
805 2443 939 2508 sospem.

145 2595 207 2645 euim
217 2595 321 2656 pluribus
331 2611 390 2643 uuus
400 2611 471 2657 rogus
481 2596 585 2657 erigitur.
708 2596 754 2652 rio,
764 2597 918 2645 uobisiretus.
927 2605 952 2647 el
966 2597 1047 2659 quidni
1059 2595 1214 2649 sooiisimus!

177 2664 232 2711 282.
251 2661 342 2715 Morbis,
357 2659 414 2723 &o.]
432 2663 487 2707 Non
497 2661 558 2707 ierro
570 2675 650 2720 usque.
742 2662 798 2708 290.
817 2660 914 2708 Fucinus
931 2676 983 2724 quos
999 2662 1124 2726 inquinat]
1140 2663 1188 2722 Qui
1207 2662 1247 2713 σοι’

179 2727 235 2774 283.
252 2725 288 2772 Sit
304 2733 387 2785 praeter
402 2724 497 2787 gladios,
514 2724 571 2787 &o.]
589 2725 685 2772 Contin-
709 2724 762 2770 dem
784 2725 879 2773 crimine
898 2732 1015 2783 tenentur,
1029 2726 1130 2789 requies
1147 2735 1203 2775 suut
1222 2734 1247 2777 st

146 2796 186 2850 get
196 2790 262 2837 uobis
273 2790 316 2836 sub
327 2789 418 2836 Cseesre
431 2805 494 2836 mors
504 2789 621 2846 ueturulis,
637 2804 683 2835 uou
709 2788 775 2835 socii.
807 2790 846 2837 Ite
866 2791 943 2851 Impp.
959 2791 1007 2837 beo
1029 2797 1054 2838 et
1068 2791 1207 2839 Anthemius
1220 2794 1247 2845 iu

145 2852 254 2901 violente.
274 2853 377 2900 llorere.
709 2851 887 2910 Constitutione,
910 2855 969 2901 Cod.
989 2854 1075 2902 Jusliu.
1092 2856 1133 2903 31.
1169 2854 1247 2905 Utsos

178 2921 235 2966 284.
253 2917 323 2972 Quid,
334 2917 393 2964 celus
404 2918 500 2980 ignom,
516 2915 573 2979 &o.]
591 2916 685 2976 Expos-
708 2930 761 2978 quos
768 2915 914 2981 perfecimus
921 2919 1248 2981 usquamusquam

146 2980 220 3029 tulsut
240 2997 293 3029 cum
315 2983 415 3038 Oaessre,
439 2982 501 3042 quod
522 2981 594 3042 impie
617 2980 683 3042 quusi
709 2983 1044 3043 wumubpoemmmrtsr.
1061 2983 1165 3033 Grotius.

146 3045 202 3093 eieci
213 3046 243 3092 sd
261 3046 348 3093 oaederu
366 3046 473 3106 Pompeii
488 3053 513 3097 el
528 3048 626 3093 Sumtus
640 3047 684 3092 du·
741 3049 798 3097 292.
816 3047 928 3109 Quicquid
936 3047 1118 3113 geriem-&o.]
1135 3048 1185 3107 Qut
1200 3050 1247 3101 ies-

147 3118 233 3157 osutur.
257 3113 323 3171 cujus
342 3111 438 3157 sceleris
452 3116 475 3156 et
485 3110 611 3171 impietslis
624 3127 685 3159 mer·
709 3118 838 3168 luusesuse,
853 3128 899 3161 uou
915 3113 1092 3161 virtutiuoslrss
1105 3112 1248 3181 psalisigli·

146 3176 228 3223 oedem
244 3184 290 3221 uon
306 3177 404 3222 obscure
421 3182 560 3235 coarguunt:
578 3175 682 3231 exilium,
709 3175 768 3222 citer
779 3178 899 3238 gestsiert
914 3184 1017 3238 meopte

147 3240 233 3295 codes,
256 3248 280 3286 et
295 3240 352 3287 nihil
372 3256 417 3286 uou
438 3240 682 3301 horrendi'supplioii.
741 3243 797 3290 293.
814 3239 861 3289 Nos
882 3239 973 3305 futuru,
995 3238 1052 3302 &o.]
1079 3241 1204 3291 Fecimus
1221 3248 1247 3291 ut

147 3305 248 3366 oblique
264 3305 372 3352 sidentur
383 3304 469 3351 Coeseri
486 3303 587 3351 minitari
601 3304 684 3352 leuem
708 3304 822 3367 intelliget
837 3306 971 3355 felicitatem
989 3322 1057 3355 mm
1070 3320 1086 3353 s
1100 3306 1172 3355 uubis
1191 3324 1248 3370 psu-

147 3370 234 3417 cudem
245 3369 375 3430 sliqueudo,
383 3385 424 3432 pro
433 3369 520 3416 nefario
529 3369 597 3415 bello.
616 3368 683 3419 Hori.
708 3371 771 3416 dere.

154 3458 158 3467 .
180 3437 236 3484 286.
255 3433 369 3481 Nescimus
379 3437 451 3495 cujus,
469 3433 524 3497 &o.]
543 3434 616 3491 Quasi
628 3450 684 3482 vero
741 3436 797 3482 294.
816 3433 948 3498 Obsequium
957 3434 1047 3498 speres]
1064 3436 1141 3497 Iuspis
1154 3436 1201 3483 lsos
1217 3438 1246 3483 sb

148 3498 284 3553 nesciemus,
302 3506 385 3559 quante
401 3505 505 3545 meueeut
521 3499 607 3549 milites
625 3514 685 3559 prer-
709 3497 769 3545 irsto
780 3498 867 3558 milite;
879 3500 941 3561 quod
953 3514 981 3545 ue
989 3499 1187 3565 spplsudeutibus
1196 3502 1248 3562 qui·

147 3560 684 3622 mlequivelecelesiaruduelscaede,bello
709 3563 762 3608 dem
785 3563 832 3608 diis
856 3564 942 3611 bellum
958 3564 990 3611 sit
1010 3571 1117 3625 gesturus
1139 3563 1247 3627 emplius,

148 3625 213 3672 civili
224 3627 291 3673 linem
298 3627 425 3687 impouuut.
709 3626 754 3673 uisi
771 3627 855 3675 milites
865 3629 910 3675 eibi
926 3628 1041 3688 propitios
1051 3635 1075 3677 et
1090 3632 1198 3687 fsvuutes
1207 3630 1247 3677 iss-

181 3691 237 3736 287.
256 3688 300 3756 Nil
310 3700 386 3738 actum
405 3699 436 3738 eet
452 3691 532 3757 bellis]
551 3692 616 3739 Nihil
628 3708 685 3755 ρης-
709 3691 771 3738 best.
796 3690 902 3741 florem
928 3690 991 3741 irato
1008 3693 1102 3760 mutu]
1134 3694 1248 3743 Etd'sse-

148 3755 224 3801 nsudo
234 3756 401 3814 promovimus,
417 3757 438 3802 si
452 3757 527 3804 adbuc
537 3757 638 3804 noudum
648 3764 685 3804 est
709 3763 773 3803 rente
783 3764 814 3804 te.

149 3826 268 3879 expersus,
285 3820 325 3866 less
344 3827 435 3867 nostres
450 3835 538 3880 mnus,
554 3822 593 3868 vel
608 3820 685 3882 ipsum
743 3823 800 3869 295.
817 3819 867 3867 Por
887 3819 951 3883 erit]
976 3822 1031 3869 Nou
1052 3822 1143 3884 poteris
1160 3822 1247 3883 bsllpsr

148 3883 347 3942 trucidureposse.
365 3882 470 3933 Hostem.
711 3900 799 3945 gerere.
1058 3917 1061 3921 -

182 3950 238 3994 288.
257 3946 496 4008 Onmioposoemoous.
522 3947 686 4011 Etismipsem
744 3953 800 3998 297.
816 3948 909 4006 suerit,
925 3949 1048 4015 oSume]
1066 3952 1247 4014 Deusprssstur

150 4012 235 4059 ducem
252 4012 282 4057 de
300 4014 377 4059 medio
395 4015 483 4061 tollere.
527 4030 551 4061 ec
559 4014 611 4079 sss,
628 4013 685 4076 &o.]
711 4022 789 4075 poete¹
812 4022 838 4061 ut
855 4014 979 4061 discordie
994 4022 1019 4062 et
1031 4014 1247 4081 rebellionislrsjus

149 4077 232 4136 Neque
244 4077 304 4122 euim
314 4084 418 4122 tenemur
428 4080 481 4137 jure
489 4079 633 4136 sacrementi,
639 4095 685 4141 quo
710 4080 840 4127 iuterreutu
846 4079 966 4127 dirimetur
974 4080 1061 4127 bellum
1069 4080 1149 4129 uirile.
1166 4080 1254 4137 Qum

148 4140 277 4188 miuus'boo
287 4143 418 4188 sudesmus.
711 4143 868 4206 depictasque,
884 4142 941 4207 &o.]
958 4144 1007 4192 Ubi
1023 4144 1048 4193 iu
1059 4146 1159 4195 ducibus
1167 4144 1249 4201 duddi

183 4208 239 4254 289.
256 4205 332 4253 Risui
341 4205 397 4252 milti
408 4204 501 4268 Cursu]
517 4207 546 4253 Iu
561 4206 623 4254 bello
634 4206 685 4268 qui·
710 4207 786 4269 pietas
808 4208 901 4256 elides
915 4208 941 4256 iu
952 4208 1051 4271 petrium
1061 4210 1169 4271 etelsus
1183 4226 1254 4275 suos„

151 4270 204 4319 dem
215 4270 304 4317 Gullioo
315 4276 338 4316 et
354 4270 491 4317 Germsnico
502 4271 569 4318 dstus
580 4288 607 4317 es
617 4272 684 4320 uobis
710 4283 827 4333 speremus
837 4290 852 4321 s
864 4274 1132 4334 perfidisetrsbsllioue
1146 4274 1248 4335 militm

151 4334 216 4384 dux'z
231 4336 278 4385 boc'
294 4335 418 4398 suscepisti
434 4334 521 4385 bellum
540 4335 590 4384 sius
609 4335 684 4399 isupe-
709 4337 961 4393 bueneirilisbslli..
1063 4390 1070 4409 ι
1127 4390 1131 4395 ,
