<?xml version="1.0" encoding="UTF-8"?>
<!DOCTYPE html PUBLIC "-//W3C//DTD XHTML 1.0 Transitional//EN"
    "http://www.w3.org/TR/xhtml1/DTD/xhtml1-transitional.dtd">
<html xmlns="http://www.w3.org/1999/xhtml" xml:lang="en" lang="en">
 <head>
  <title>
</title>
<meta http-equiv="Content-Type" content="text/html;charset=utf-8" />
  <meta name='ocr-system' content='tesseract 3.04.00' />
  <meta name='ocr-capabilities' content='ocr_page ocr_carea ocr_par ocr_line ocrx_word'/>
</head>
<body>
  <div class='ocr_page' id='page_1' title='image "./mannaeuslucanus00grotgoog/mannaeuslucanus00grotgoog_0334.png"; bbox 0 0 2784 4860; ppageno 0'>
   <div class='ocr_carea' id='block_1_1' title="bbox 347 311 1145 416">
    <p class='ocr_par' dir='ltr' id='par_1_1' title="bbox 347 293 1145 416">
     <span class='ocr_line' id='line_1_1' title="bbox 347 311 1145 416; baseline 0.014 -23"><span class='ocrx_word' id='word_1_1' title='bbox 347 315 574 416; x_wconf 68' lang='lat' dir='ltr'><strong>&#39;ommis</strong></span> <span class='ocrx_word' id='word_1_2' title='bbox 617 316 800 409; x_wconf 78' lang='lat' dir='ltr'><strong>unum</strong></span> <span class='ocrx_word' id='word_1_3' title='bbox 834 311 1080 400; x_wconf 71' lang='lat' dir='ltr'><strong>suurn.</strong></span> <span class='ocrx_word' id='word_1_4' title='bbox 1135 391 1145 404; x_wconf 63' lang='lat'>„</span> 
     </span>
    </p>
   </div>
   <div class='ocr_carea' id='block_1_2' title="bbox 146 494 1264 2589">
    <p class='ocr_par' dir='ltr' id='par_1_2' title="bbox 158 494 1113 588">
     <span class='ocr_line' id='line_1_2' title="bbox 158 494 1113 588; baseline -0.001 -20"><span class='ocrx_word' id='word_1_5' title='bbox 158 494 277 568; x_wconf 82' lang='lat' dir='ltr'><strong>Causa</strong></span> <span class='ocrx_word' id='word_1_6' title='bbox 287 502 387 587; x_wconf 91' lang='lat' dir='ltr'><strong>jubet</strong></span> <span class='ocrx_word' id='word_1_7' title='bbox 399 504 521 568; x_wconf 89' lang='lat' dir='ltr'><strong>melior</strong></span> <span class='ocrx_word' id='word_1_8' title='bbox 535 496 688 588; x_wconf 80' lang='lat' dir='ltr'><strong>Superos</strong></span> <span class='ocrx_word' id='word_1_9' title='bbox 701 523 840 588; x_wconf 88' lang='lat' dir='ltr'><strong>sperare</strong></span> <span class='ocrx_word' id='word_1_10' title='bbox 854 502 1050 570; x_wconf 85' lang='lat' dir='ltr'><strong>secundos:</strong></span> <span class='ocrx_word' id='word_1_11' title='bbox 1111 586 1113 588; x_wconf 34' lang='lat'><strong>.</strong></span> 
     </span>
    </p>

    <p class='ocr_par' dir='ltr' id='par_1_3' title="bbox 157 611 935 699">
     <span class='ocr_line' id='line_1_3' title="bbox 157 611 935 699; baseline 0.001 -22"><span class='ocrx_word' id='word_1_12' title='bbox 157 611 234 697; x_wconf 92' lang='lat' dir='ltr'><strong>Ipsi</strong></span> <span class='ocrx_word' id='word_1_13' title='bbox 248 614 318 678; x_wconf 88' lang='lat' dir='ltr'><strong>tela</strong></span> <span class='ocrx_word' id='word_1_14' title='bbox 332 620 449 696; x_wconf 88' lang='lat' dir='ltr'><strong>regent</strong></span> <span class='ocrx_word' id='word_1_15' title='bbox 464 634 524 698; x_wconf 90' lang='lat' dir='ltr'><strong>per</strong></span> <span class='ocrx_word' id='word_1_16' title='bbox 539 616 675 680; x_wconf 86' lang='lat' dir='ltr'><strong>viscera</strong></span> <span class='ocrx_word' id='word_1_17' title='bbox 688 613 850 693; x_wconf 78' lang='lat' dir='ltr'>Caesaris,</span> <span class='ocrx_word' id='word_1_18' title='bbox 864 616 935 699; x_wconf 91' lang='lat' dir='ltr'><strong>ipsi</strong></span> 
     </span>
    </p>

    <p class='ocr_par' dir='ltr' id='par_1_4' title="bbox 154 723 1002 808">
     <span class='ocr_line' id='line_1_4' title="bbox 154 723 1002 808; baseline 0 -18"><span class='ocrx_word' id='word_1_19' title='bbox 154 723 337 790; x_wconf 74' lang='lat' dir='ltr'><strong>&#39;Romanas</strong></span> <span class='ocrx_word' id='word_1_20' title='bbox 354 726 487 789; x_wconf 88' lang='lat' dir='ltr'><strong>sancire</strong></span> <span class='ocrx_word' id='word_1_21' title='bbox 501 727 619 791; x_wconf 86' lang='lat' dir='ltr'><strong>volent</strong></span> <span class='ocrx_word' id='word_1_22' title='bbox 632 727 699 792; x_wconf 90' lang='lat' dir='ltr'><strong>hoo</strong></span> <span class='ocrx_word' id='word_1_23' title='bbox 715 726 880 808; x_wconf 85' lang='lat' dir='ltr'><strong>sanguine</strong></span> <span class='ocrx_word' id='word_1_24' title='bbox 894 726 1002 808; x_wconf 88' lang='lat' dir='ltr'><strong>leges.</strong></span> 
     </span>
    </p>

    <p class='ocr_par' dir='ltr' id='par_1_5' title="bbox 156 836 1092 1032">
     <span class='ocr_line' id='line_1_5' title="bbox 159 836 1092 920; baseline 0.001 -20"><span class='ocrx_word' id='word_1_25' title='bbox 159 836 197 900; x_wconf 89' lang='lat' dir='ltr'><strong>Si</strong></span> <span class='ocrx_word' id='word_1_26' title='bbox 214 857 336 900; x_wconf 90' lang='lat' dir='ltr'><strong>socero</strong></span> <span class='ocrx_word' id='word_1_27' title='bbox 353 838 433 901; x_wconf 90' lang='lat' dir='ltr'><strong>dare</strong></span> <span class='ocrx_word' id='word_1_28' title='bbox 449 857 553 919; x_wconf 89' lang='lat' dir='ltr'><strong>regna</strong></span> <span class='ocrx_word' id='word_1_29' title='bbox 565 858 657 916; x_wconf 91' lang='lat' dir='ltr'><strong>meo,</strong></span> <span class='ocrx_word' id='word_1_30' title='bbox 672 837 903 919; x_wconf 86' lang='lat' dir='ltr'><strong>mundumque</strong></span> <span class='ocrx_word' id='word_1_31' title='bbox 918 839 1092 920; x_wconf 65' lang='lat' dir='ltr'><strong>pararent5</strong></span> 
     </span>
     <span class='ocr_line' id='line_1_6' title="bbox 156 945 962 1032; baseline 0 -21"><span class='ocrx_word' id='word_1_32' title='bbox 156 945 381 1031; x_wconf 83' lang='lat' dir='ltr'><strong>Praecipitare</strong></span> <span class='ocrx_word' id='word_1_33' title='bbox 396 968 508 1013; x_wconf 84' lang='lat' dir='ltr'><strong>meam</strong></span> <span class='ocrx_word' id='word_1_34' title='bbox 523 950 604 1014; x_wconf 84' lang='lat' dir='ltr'><strong>fatis</strong></span> <span class='ocrx_word' id='word_1_35' title='bbox 619 953 762 1032; x_wconf 88' lang='lat' dir='ltr'><strong>potuere</strong></span> <span class='ocrx_word' id='word_1_36' title='bbox 777 952 962 1012; x_wconf 82' lang='lat' dir='ltr'><strong>senectam.</strong></span> 
     </span>
    </p>

    <p class='ocr_par' dir='ltr' id='par_1_6' title="bbox 157 1056 968 1144">
     <span class='ocr_line' id='line_1_7' title="bbox 157 1056 968 1144; baseline 0 -21"><span class='ocrx_word' id='word_1_37' title='bbox 157 1056 240 1123; x_wconf 93' lang='lat' dir='ltr'><strong>Non</strong></span> <span class='ocrx_word' id='word_1_38' title='bbox 255 1059 417 1143; x_wconf 87' lang='lat' dir='ltr'><strong>iratorum</strong></span> <span class='ocrx_word' id='word_1_39' title='bbox 432 1060 572 1143; x_wconf 92' lang='lat' dir='ltr'><strong>populis</strong></span> <span class='ocrx_word' id='word_1_40' title='bbox 587 1060 730 1144; x_wconf 91' lang='lat' dir='ltr'><strong>urbique</strong></span> <span class='ocrx_word' id='word_1_41' title='bbox 746 1059 899 1124; x_wconf 84' lang='lat' dir='ltr'><strong>Deorum</strong></span> <span class='ocrx_word' id='word_1_42' title='bbox 914 1063 968 1123; x_wconf 89' lang='lat' dir='ltr'><strong>est</strong></span> 
     </span>
    </p>

    <p class='ocr_par' dir='ltr' id='par_1_7' title="bbox 158 1163 1071 1255">
     <span class='ocr_line' id='line_1_8' title="bbox 158 1163 1071 1255; baseline 0.008 -22"><span class='ocrx_word' id='word_1_43' title='bbox 158 1163 364 1252; x_wconf 83' lang='lat' dir='ltr'><strong>Pompeium</strong></span> <span class='ocrx_word' id='word_1_44' title='bbox 380 1189 515 1236; x_wconf 88' lang='lat' dir='ltr'><strong>servare</strong></span> <span class='ocrx_word' id='word_1_45' title='bbox 531 1171 664 1236; x_wconf 87' lang='lat' dir='ltr'><strong>ducem.</strong></span> <span class='ocrx_word' id='word_1_46' title='bbox 680 1191 760 1255; x_wconf 81' lang='lat' dir='ltr'><strong>quae</strong></span> <span class='ocrx_word' id='word_1_47' title='bbox 773 1172 910 1235; x_wconf 89' lang='lat' dir='ltr'><strong>vincere</strong></span> <span class='ocrx_word' id='word_1_48' title='bbox 925 1173 1071 1253; x_wconf 75' lang='lat' dir='ltr'><strong>possent</strong></span> 
     </span>
    </p>

    <p class='ocr_par' dir='ltr' id='par_1_8' title="bbox 153 1270 935 1365">
     <span class='ocr_line' id='line_1_9' title="bbox 153 1270 935 1365; baseline 0.003 -22"><span class='ocrx_word' id='word_1_49' title='bbox 153 1270 282 1344; x_wconf 86' lang='lat' dir='ltr'><strong>Omnia</strong></span> <span class='ocrx_word' id='word_1_50' title='bbox 297 1283 514 1347; x_wconf 91' lang='lat' dir='ltr'><strong>contulimus.</strong></span> <span class='ocrx_word' id='word_1_51' title='bbox 531 1283 666 1346; x_wconf 89' lang='lat' dir='ltr'><strong>subiere</strong></span> <span class='ocrx_word' id='word_1_52' title='bbox 674 1282 835 1365; x_wconf 86' lang='lat' dir='ltr'><strong>pericula</strong></span> <span class='ocrx_word' id='word_1_53' title='bbox 850 1282 935 1346; x_wconf 85' lang='lat' dir='ltr'><strong>clari</strong></span> 
     </span>
    </p>

    <p class='ocr_par' dir='ltr' id='par_1_9' title="bbox 152 1389 1027 1476">
     <span class='ocr_line' id='line_1_10' title="bbox 152 1389 1027 1476; baseline 0.009 -22"><span class='ocrx_word' id='word_1_54' title='bbox 152 1389 284 1472; x_wconf 85' lang='lat' dir='ltr'><strong>Sponte</strong></span> <span class='ocrx_word' id='word_1_55' title='bbox 300 1393 377 1469; x_wconf 88' lang='lat' dir='ltr'><strong>viri,</strong></span> <span class='ocrx_word' id='word_1_56' title='bbox 393 1413 560 1476; x_wconf 84' lang='lat' dir='ltr'><strong>sacraque</strong></span> <span class='ocrx_word' id='word_1_57' title='bbox 576 1393 737 1476; x_wconf 87' lang='lat' dir='ltr'><strong>antiquus</strong></span> <span class='ocrx_word' id='word_1_58' title='bbox 752 1393 899 1474; x_wconf 85' lang='lat' dir='ltr'><strong>imagine</strong></span> <span class='ocrx_word' id='word_1_59' title='bbox 914 1393 1027 1462; x_wconf 85' lang='lat' dir='ltr'><strong>miles.</strong></span> 
     </span>
    </p>

    <p class='ocr_par' dir='ltr' id='par_1_10' title="bbox 151 1500 1049 1699">
     <span class='ocr_line' id='line_1_11' title="bbox 153 1500 1049 1586; baseline 0.008 -22"><span class='ocrx_word' id='word_1_60' title='bbox 153 1500 193 1565; x_wconf 91' lang='lat' dir='ltr'><strong>Si</strong></span> <span class='ocrx_word' id='word_1_61' title='bbox 209 1501 333 1567; x_wconf 91' lang='lat' dir='ltr'><strong>Curios</strong></span> <span class='ocrx_word' id='word_1_62' title='bbox 348 1504 402 1580; x_wconf 89' lang='lat' dir='ltr'><strong>his</strong></span> <span class='ocrx_word' id='word_1_63' title='bbox 418 1505 490 1569; x_wconf 90' lang='lat' dir='ltr'><strong>fata</strong></span> <span class='ocrx_word' id='word_1_64' title='bbox 504 1505 633 1582; x_wconf 86' lang='lat' dir='ltr'><strong>darent,</strong></span> <span class='ocrx_word' id='word_1_65' title='bbox 653 1504 866 1586; x_wconf 89' lang='lat' dir='ltr'><strong>reducesque</strong></span> <span class='ocrx_word' id='word_1_66' title='bbox 882 1501 1049 1571; x_wconf 80' lang='lat' dir='ltr'><strong>Camillos</strong></span> 
     </span>
     <span class='ocr_line' id='line_1_12' title="bbox 151 1611 1048 1699; baseline 0.001 -21"><span class='ocrx_word' id='word_1_67' title='bbox 151 1612 393 1697; x_wconf 85' lang='lat' dir='ltr'><strong>Temporibus,</strong></span> <span class='ocrx_word' id='word_1_68' title='bbox 415 1615 615 1699; x_wconf 83' lang='lat' dir='ltr'><strong>Deciosque</strong></span> <span class='ocrx_word' id='word_1_69' title='bbox 631 1620 736 1698; x_wconf 82' lang='lat' dir='ltr'><strong>ceput</strong></span> <span class='ocrx_word' id='word_1_70' title='bbox 750 1614 854 1678; x_wconf 85' lang='lat' dir='ltr'><strong>fatale</strong></span> <span class='ocrx_word' id='word_1_71' title='bbox 870 1611 1048 1695; x_wconf 88' lang='lat' dir='ltr'><strong>voventes,</strong></span> 
     </span>
    </p>

    <p class='ocr_par' dir='ltr' id='par_1_11' title="bbox 150 1723 1085 2144">
     <span class='ocr_line' id='line_1_13' title="bbox 153 1723 971 1810; baseline -0.001 -20"><span class='ocrx_word' id='word_1_72' title='bbox 153 1723 248 1790; x_wconf 92' lang='lat' dir='ltr'><strong>Hinc</strong></span> <span class='ocrx_word' id='word_1_73' title='bbox 269 1731 407 1791; x_wconf 86' lang='lat' dir='ltr'><strong>starent.</strong></span> <span class='ocrx_word' id='word_1_74' title='bbox 423 1727 533 1810; x_wconf 91' lang='lat' dir='ltr'><strong>primo</strong></span> <span class='ocrx_word' id='word_1_75' title='bbox 550 1731 667 1809; x_wconf 86' lang='lat' dir='ltr'><strong>gentes</strong></span> <span class='ocrx_word' id='word_1_76' title='bbox 682 1726 810 1790; x_wconf 89' lang='lat' dir='ltr'><strong>oriente</strong></span> <span class='ocrx_word' id='word_1_77' title='bbox 826 1730 971 1804; x_wconf 70' lang='lat' dir='ltr'><strong>coactas,</strong></span> 
     </span>
     <span class='ocr_line' id='line_1_14' title="bbox 150 1833 1085 1929; baseline 0.003 -26"><span class='ocrx_word' id='word_1_78' title='bbox 150 1833 411 1921; x_wconf 75' lang='lat' dir='ltr'><strong>Innumeraeque</strong></span> <span class='ocrx_word' id='word_1_79' title='bbox 427 1839 540 1917; x_wconf 88' lang='lat' dir='ltr'><strong>urbes,</strong></span> <span class='ocrx_word' id='word_1_80' title='bbox 558 1842 704 1922; x_wconf 81' lang='lat' dir='ltr'><strong>quantas</strong></span> <span class='ocrx_word' id='word_1_81' title='bbox 718 1837 755 1900; x_wconf 93' lang='lat' dir='ltr'><strong>in</strong></span> <span class='ocrx_word' id='word_1_82' title='bbox 768 1835 894 1920; x_wconf 89' lang='lat' dir='ltr'><strong>proelia</strong></span> <span class='ocrx_word' id='word_1_83' title='bbox 908 1854 1085 1929; x_wconf 75' lang='lat' dir='ltr'><strong>nunquam</strong></span> 
     </span>
     <span class='ocr_line' id='line_1_15' title="bbox 152 1945 1072 2032; baseline 0 -21"><span class='ocrx_word' id='word_1_84' title='bbox 152 1945 323 2032; x_wconf 86' lang='lat' dir='ltr'><strong>Excivere</strong></span> <span class='ocrx_word' id='word_1_85' title='bbox 339 1968 471 2013; x_wconf 90' lang='lat' dir='ltr'><strong>manus.</strong></span> <span class='ocrx_word' id='word_1_86' title='bbox 487 1954 560 2014; x_wconf 93' lang='lat' dir='ltr'><strong>toto</strong></span> <span class='ocrx_word' id='word_1_87' title='bbox 577 1949 679 2014; x_wconf 90' lang='lat' dir='ltr'><strong>simul</strong></span> <span class='ocrx_word' id='word_1_88' title='bbox 692 1946 817 2010; x_wconf 86' lang='lat' dir='ltr'><strong>utimur</strong></span> <span class='ocrx_word' id='word_1_89' title='bbox 832 1946 926 2011; x_wconf 88' lang='lat' dir='ltr'><strong>orbe.</strong></span> <span class='ocrx_word' id='word_1_90' title='bbox 1069 2015 1072 2019; x_wconf 66' lang='grc'><em>,</em></span> 
     </span>
     <span class='ocr_line' id='line_1_16' title="bbox 150 2056 1021 2144; baseline 0.002 -22"><span class='ocrx_word' id='word_1_91' title='bbox 150 2056 329 2141; x_wconf 88' lang='lat' dir='ltr'><strong>Quicquid</strong></span> <span class='ocrx_word' id='word_1_92' title='bbox 344 2060 496 2141; x_wconf 86' lang='lat' dir='ltr'><strong>signiferi</strong></span> <span class='ocrx_word' id='word_1_93' title='bbox 512 2078 751 2144; x_wconf 88' lang='lat' dir='ltr'><strong>comprensum</strong></span> <span class='ocrx_word' id='word_1_94' title='bbox 765 2057 802 2122; x_wconf 91' lang='lat' dir='ltr'><strong>id</strong></span> <span class='ocrx_word' id='word_1_95' title='bbox 816 2057 923 2122; x_wconf 88' lang='lat' dir='ltr'><strong>limite</strong></span> <span class='ocrx_word' id='word_1_96' title='bbox 938 2058 1021 2124; x_wconf 90' lang='lat' dir='ltr'><strong>coeli</strong></span> 
     </span>
    </p>

    <p class='ocr_par' dir='ltr' id='par_1_12' title="bbox 146 2167 1264 2589">
     <span class='ocr_line' id='line_1_17' title="bbox 149 2167 1218 2247; baseline 0.003 -15"><span class='ocrx_word' id='word_1_97' title='bbox 149 2167 223 2235; x_wconf 87' lang='lat' dir='ltr'><strong>Sub</strong></span> <span class='ocrx_word' id='word_1_98' title='bbox 241 2169 370 2247; x_wconf 88' lang='lat' dir='ltr'><strong>Noton,</strong></span> <span class='ocrx_word' id='word_1_99' title='bbox 387 2174 421 2234; x_wconf 91' lang='lat' dir='ltr'><strong>et</strong></span> <span class='ocrx_word' id='word_1_100' title='bbox 436 2170 572 2234; x_wconf 87' lang='lat' dir='ltr'><strong>Borean</strong></span> <span class='ocrx_word' id='word_1_101' title='bbox 585 2169 760 2235; x_wconf 91' lang='lat' dir='ltr'><strong>hominum</strong></span> <span class='ocrx_word' id='word_1_102' title='bbox 775 2187 904 2247; x_wconf 90' lang='lat' dir='ltr'><strong>sumus,</strong></span> <span class='ocrx_word' id='word_1_103' title='bbox 920 2187 1015 2236; x_wconf 86' lang='lat' dir='ltr'><strong>arma</strong></span> <span class='ocrx_word' id='word_1_104' title='bbox 1027 2188 1218 2238; x_wconf 86' lang='lat' dir='ltr'><strong>movemus.</strong></span> 
     </span>
     <span class='ocr_line' id='line_1_18' title="bbox 148 2279 1264 2366; baseline 0.004 -21"><span class='ocrx_word' id='word_1_105' title='bbox 148 2279 274 2346; x_wconf 90' lang='lat' dir='ltr'><strong>Nonne</strong></span> <span class='ocrx_word' id='word_1_106' title='bbox 291 2282 481 2366; x_wconf 85' lang='lat' dir='ltr'><strong>superfusis</strong></span> <span class='ocrx_word' id='word_1_107' title='bbox 497 2283 679 2348; x_wconf 87' lang='lat' dir='ltr'><strong>collectum</strong></span> <span class='ocrx_word' id='word_1_108' title='bbox 693 2281 853 2346; x_wconf 91' lang='lat' dir='ltr'><strong>cornibus</strong></span> <span class='ocrx_word' id='word_1_109' title='bbox 867 2280 1002 2346; x_wconf 88' lang='lat' dir='ltr'><strong>hostem</strong></span> <span class='ocrx_word' id='word_1_110' title='bbox 1193 2281 1264 2350; x_wconf 63' lang='lat'><strong>863</strong></span> 
     </span>
     <span class='ocr_line' id='line_1_19' title="bbox 147 2392 1128 2478; baseline 0.001 -20"><span class='ocrx_word' id='word_1_111' title='bbox 147 2392 191 2458; x_wconf 91' lang='lat' dir='ltr'><strong>In</strong></span> <span class='ocrx_word' id='word_1_112' title='bbox 206 2395 356 2458; x_wconf 90' lang='lat' dir='ltr'><strong>medium</strong></span> <span class='ocrx_word' id='word_1_113' title='bbox 372 2395 553 2460; x_wconf 70' lang='lat' dir='ltr'><strong>dabimus?</strong></span> <span class='ocrx_word' id='word_1_114' title='bbox 576 2411 708 2478; x_wconf 85' lang='lat' dir='ltr'><strong>paucas</strong></span> <span class='ocrx_word' id='word_1_115' title='bbox 723 2393 869 2458; x_wconf 89' lang='lat' dir='ltr'><strong>victoria</strong></span> <span class='ocrx_word' id='word_1_116' title='bbox 883 2392 1023 2458; x_wconf 85' lang='lat' dir='ltr'><strong>dextras</strong></span> <span class='ocrx_word' id='word_1_117' title='bbox 1126 2415 1128 2422; x_wconf 68' lang='grc'>’</span> 
     </span>
     <span class='ocr_line' id='line_1_20' title="bbox 146 2495 1054 2589; baseline 0.003 -21"><span class='ocrx_word' id='word_1_118' title='bbox 146 2502 281 2587; x_wconf 79' lang='lat' dir='ltr'><strong>Exigit:</strong></span> <span class='ocrx_word' id='word_1_119' title='bbox 306 2495 341 2568; x_wconf 78' lang='lat' dir='ltr'><strong>a&#39;t</strong></span> <span class='ocrx_word' id='word_1_120' title='bbox 355 2507 471 2589; x_wconf 89' lang='lat' dir='ltr'><strong>plures</strong></span> <span class='ocrx_word' id='word_1_121' title='bbox 486 2512 616 2571; x_wconf 89' lang='lat' dir='ltr'><strong>tantum</strong></span> <span class='ocrx_word' id='word_1_122' title='bbox 632 2505 781 2572; x_wconf 88' lang='lat' dir='ltr'><strong>clamore</strong></span> <span class='ocrx_word' id='word_1_123' title='bbox 797 2509 944 2570; x_wconf 84' lang='lat' dir='ltr'><strong>catervae</strong></span> <span class='ocrx_word' id='word_1_124' title='bbox 1051 2506 1054 2508; x_wconf 67' lang='grc'>’</span> 
     </span>
    </p>
   </div>
   <div class='ocr_carea' id='block_1_3' title="bbox 144 2637 1258 2770">
    <p class='ocr_par' dir='ltr' id='par_1_13' title="bbox 144 2637 1258 2770">
     <span class='ocr_line' id='line_1_21' title="bbox 144 2637 1258 2704; baseline 0 -14"><span class='ocrx_word' id='word_1_125' title='bbox 144 2641 195 2690; x_wconf 81' lang='grc'><strong>351</strong></span> <span class='ocrx_word' id='word_1_126' title='bbox 204 2642 293 2689; x_wconf 80' lang='lat' dir='ltr'><strong>sentire.</strong></span> <span class='ocrx_word' id='word_1_127' title='bbox 428 2643 477 2690; x_wconf 75' lang='lat'><strong>358</strong></span> <span class='ocrx_word' id='word_1_128' title='bbox 487 2642 611 2690; x_wconf 82' lang='lat' dir='ltr'><strong>redueesv&#39;e.</strong></span> <span class='ocrx_word' id='word_1_129' title='bbox 740 2641 790 2689; x_wconf 81' lang='lat'><strong>359</strong></span> <span class='ocrx_word' id='word_1_130' title='bbox 802 2637 913 2688; x_wconf 70' lang='lat' dir='ltr'><strong>Decimae.</strong></span> <span class='ocrx_word' id='word_1_131' title='bbox 1044 2642 1094 2692; x_wconf 78' lang='lat'><strong>³6³</strong></span> <span class='ocrx_word' id='word_1_132' title='bbox 1103 2653 1258 2704; x_wconf 60' lang='lat' dir='ltr'><strong>summ</strong></span> 
     </span>
     <span class='ocr_line' id='line_1_22' title="bbox 300 2705 1091 2770; baseline 0.003 -18"><span class='ocrx_word' id='word_1_133' title='bbox 300 2721 445 2770; x_wconf 83' lang='lat' dir='ltr'><strong>compressum</strong></span> <span class='ocrx_word' id='word_1_134' title='bbox 456 2715 495 2754; x_wconf 81' lang='lat' dir='ltr'><strong>est.</strong></span> <span class='ocrx_word' id='word_1_135' title='bbox 568 2706 689 2770; x_wconf 63' lang='lat' dir='ltr'><strong>soeculi.</strong></span> <span class='ocrx_word' id='word_1_136' title='bbox 762 2705 898 2755; x_wconf 75' lang='lat' dir='ltr'><strong>364simul.</strong></span> <span class='ocrx_word' id='word_1_137' title='bbox 969 2707 1051 2754; x_wconf 78' lang='lat' dir='ltr'><strong>seve</strong></span> <span class='ocrx_word' id='word_1_138' title='bbox 1057 2707 1091 2767; x_wconf 84' lang='lat' dir='ltr'><strong>pl.</strong></span> 
     </span>
    </p>
   </div>
   <div class='ocr_carea' id='block_1_4' title="bbox 142 2827 1257 3087">
    <p class='ocr_par' dir='ltr' id='par_1_14' title="bbox 142 2827 1257 3087">
     <span class='ocr_line' id='line_1_23' title="bbox 178 2827 1257 2896; baseline 0.004 -17"><span class='ocrx_word' id='word_1_139' title='bbox 178 2832 235 2880; x_wconf 74' lang='lat'><strong>349.</strong></span> <span class='ocrx_word' id='word_1_140' title='bbox 255 2830 328 2878; x_wconf 82' lang='lat' dir='ltr'><strong>Causa</strong></span> <span class='ocrx_word' id='word_1_141' title='bbox 336 2833 405 2892; x_wconf 82' lang='lat' dir='ltr'><strong>jubet</strong></span> <span class='ocrx_word' id='word_1_142' title='bbox 420 2832 504 2885; x_wconf 79' lang='lat' dir='ltr'><strong>melior,</strong></span> <span class='ocrx_word' id='word_1_143' title='bbox 516 2827 573 2893; x_wconf 80' lang='lat' dir='ltr'><strong>&amp;c&#39;.]</strong></span> <span class='ocrx_word' id='word_1_144' title='bbox 592 2831 689 2879; x_wconf 82' lang='lat' dir='ltr'><strong>Consci-</strong></span> <span class='ocrx_word' id='word_1_145' title='bbox 745 2832 803 2880; x_wconf 85' lang='grc'><strong><em>357.</em></strong></span> <span class='ocrx_word' id='word_1_146' title='bbox 821 2830 933 2893; x_wconf 67' lang='lat' dir='ltr'><strong>&amp;eraque</strong></span> <span class='ocrx_word' id='word_1_147' title='bbox 943 2831 1128 2896; x_wconf 62' lang='lat' dir='ltr'><strong>imaginantes]</strong></span> <span class='ocrx_word' id='word_1_148' title='bbox 1145 2833 1257 2883; x_wconf 67' lang='lat' dir='ltr'><strong>veterent</strong></span> 
     </span>
     <span class='ocr_line' id='line_1_24' title="bbox 143 2893 1256 2959; baseline 0.004 -16"><span class='ocrx_word' id='word_1_149' title='bbox 143 2897 208 2943; x_wconf 84' lang='lat' dir='ltr'><strong>entia</strong></span> <span class='ocrx_word' id='word_1_150' title='bbox 224 2895 311 2958; x_wconf 92' lang='lat' dir='ltr'><strong>(inquit</strong></span> <span class='ocrx_word' id='word_1_151' title='bbox 324 2897 450 2957; x_wconf 87' lang='lat' dir='ltr'><strong>Pompeius</strong></span> <span class='ocrx_word' id='word_1_152' title='bbox 464 2897 527 2956; x_wconf 84' lang='lat' dir='ltr'><strong>apud</strong></span> <span class='ocrx_word' id='word_1_153' title='bbox 540 2896 686 2959; x_wconf 74' lang='lat' dir='ltr'><strong>Appianum)</strong></span> <span class='ocrx_word' id='word_1_154' title='bbox 711 2893 814 2954; x_wconf 87' lang='lat' dir='ltr'><strong>milites;</strong></span> <span class='ocrx_word' id='word_1_155' title='bbox 830 2897 916 2958; x_wconf 85' lang='lat' dir='ltr'><strong>quique</strong></span> <span class='ocrx_word' id='word_1_156' title='bbox 930 2894 1061 2945; x_wconf 85' lang='lat' dir='ltr'><strong>illustribus</strong></span> <span class='ocrx_word' id='word_1_157' title='bbox 1072 2897 1198 2958; x_wconf 76' lang='lat' dir='ltr'><strong>majoribus</strong></span> <span class='ocrx_word' id='word_1_158' title='bbox 1208 2896 1256 2949; x_wconf 81' lang='lat' dir='ltr'><strong>ortt</strong></span> 
     </span>
     <span class='ocr_line' id='line_1_25' title="bbox 143 2961 1256 3026; baseline 0.003 -19"><span class='ocrx_word' id='word_1_159' title='bbox 143 2975 214 3007; x_wconf 69' lang='lat' dir='ltr'><strong>mass</strong></span> <span class='ocrx_word' id='word_1_160' title='bbox 230 2962 296 3007; x_wconf 89' lang='lat' dir='ltr'><strong>nobis</strong></span> <span class='ocrx_word' id='word_1_161' title='bbox 307 2963 402 3021; x_wconf 79' lang='lat' dir='ltr'><strong>optima,</strong></span> <span class='ocrx_word' id='word_1_162' title='bbox 413 2977 455 3022; x_wconf 92' lang='lat' dir='ltr'><strong>pro</strong></span> <span class='ocrx_word' id='word_1_163' title='bbox 467 2961 574 3008; x_wconf 80' lang='lat' dir='ltr'><strong>libertate</strong></span> <span class='ocrx_word' id='word_1_164' title='bbox 586 2961 647 3008; x_wconf 88' lang='lat' dir='ltr'><strong>enim</strong></span> <span class='ocrx_word' id='word_1_165' title='bbox 662 2969 688 3009; x_wconf 89' lang='lat' dir='ltr'><strong>et</strong></span> <span class='ocrx_word' id='word_1_166' title='bbox 712 2967 781 3016; x_wconf 63' lang='lat' dir='ltr'><strong>sunu</strong></span> <span class='ocrx_word' id='word_1_167' title='bbox 790 2977 889 3024; x_wconf 78' lang='lat' dir='ltr'><strong>qnorum</strong></span> <span class='ocrx_word' id='word_1_168' title='bbox 897 2962 1256 3026; x_wconf 80' lang='lat' dir='ltr'><strong>imsginesreeenserepossent.</strong></span> 
     </span>
     <span class='ocr_line' id='line_1_26' title="bbox 142 3022 1076 3087; baseline 0.004 -16"><span class='ocrx_word' id='word_1_169' title='bbox 142 3026 219 3086; x_wconf 79' lang='lat' dir='ltr'><strong>patris</strong></span> <span class='ocrx_word' id='word_1_170' title='bbox 238 3042 373 3086; x_wconf 85' lang='lat' dir='ltr'><strong>pugnamus,</strong></span> <span class='ocrx_word' id='word_1_171' title='bbox 388 3030 441 3087; x_wconf 87' lang='lat' dir='ltr'><strong>jure</strong></span> <span class='ocrx_word' id='word_1_172' title='bbox 462 3026 541 3087; x_wconf 82' lang='lat' dir='ltr'><strong>legum</strong></span> <span class='ocrx_word' id='word_1_173' title='bbox 558 3026 621 3084; x_wconf 81' lang='lat' dir='ltr'><strong>freti,</strong></span> <span class='ocrx_word' id='word_1_174' title='bbox 635 3027 685 3086; x_wconf 88' lang='lat' dir='ltr'><strong>opi·</strong></span> <span class='ocrx_word' id='word_1_175' title='bbox 712 3023 818 3074; x_wconf 77' lang='lat' dir='ltr'><strong>Hmteru.</strong></span> <span class='ocrx_word' id='word_1_176' title='bbox 869 3022 872 3028; x_wconf 49' lang='lat'><strong>⁴</strong></span> <span class='ocrx_word' id='word_1_177' title='bbox 1071 3031 1076 3035; x_wconf 77' lang='grc'>’</span> 
     </span>
    </p>
   </div>
   <div class='ocr_carea' id='block_1_5' title="bbox 142 3089 1341 3156">
    <p class='ocr_par' dir='ltr' id='par_1_15' title="bbox 142 3089 1341 3156">
     <span class='ocr_line' id='line_1_27' title="bbox 142 3089 1341 3156; baseline 0.002 -18"><span class='ocrx_word' id='word_1_178' title='bbox 142 3090 214 3138; x_wconf 87' lang='lat' dir='ltr'><strong>niune</strong></span> <span class='ocrx_word' id='word_1_179' title='bbox 225 3098 296 3147; x_wconf 86' lang='lat' dir='ltr'><strong>rectu,</strong></span> <span class='ocrx_word' id='word_1_180' title='bbox 307 3098 388 3152; x_wconf 89' lang='lat' dir='ltr'><strong>totque</strong></span> <span class='ocrx_word' id='word_1_181' title='bbox 404 3090 591 3153; x_wconf 67' lang='lat' dir='ltr'><strong>praecellentibus</strong></span> <span class='ocrx_word' id='word_1_182' title='bbox 606 3091 694 3152; x_wconf 77' lang='lat' dir='ltr'><strong>stipati</strong></span> <span class='ocrx_word' id='word_1_183' title='bbox 743 3092 801 3138; x_wconf 82' lang='grc'><strong><em>358.</em></strong></span> <span class='ocrx_word' id='word_1_184' title='bbox 818 3089 1140 3156; x_wconf 56' lang='lat' dir='ltr'><strong>&amp;adolescentiores</strong></span> <span class='ocrx_word' id='word_1_185' title='bbox 1152 3089 1210 3156; x_wconf 69' lang='lat' dir='ltr'><strong>dtu]</strong></span> <span class='ocrx_word' id='word_1_186' title='bbox 1225 3091 1254 3140; x_wconf 76' lang='lat' dir='ltr'><strong>ei</strong></span> <span class='ocrx_word' id='word_1_187' title='bbox 1336 3097 1341 3100; x_wconf 81' lang='grc'><em>“</em></span> 
     </span>
    </p>
   </div>
   <div class='ocr_carea' id='block_1_6' title="bbox 134 3155 1272 4388">
    <p class='ocr_par' dir='ltr' id='par_1_16' title="bbox 134 3155 1272 4388">
     <span class='ocr_line' id='line_1_28' title="bbox 142 3155 1253 3221; baseline 0.005 -20"><span class='ocrx_word' id='word_1_188' title='bbox 142 3155 266 3207; x_wconf 69' lang='lat' dir='ltr'><strong>vitiatio.</strong></span> <span class='ocrx_word' id='word_1_189' title='bbox 707 3155 756 3214; x_wconf 83' lang='lat' dir='ltr'><strong>jam</strong></span> <span class='ocrx_word' id='word_1_190' title='bbox 776 3156 862 3204; x_wconf 79' lang='lat' dir='ltr'><strong>Durius</strong></span> <span class='ocrx_word' id='word_1_191' title='bbox 880 3157 1001 3213; x_wconf 78' lang='lat' dir='ltr'><strong>Cunillns,</strong></span> <span class='ocrx_word' id='word_1_192' title='bbox 1021 3157 1091 3205; x_wconf 87' lang='lat' dir='ltr'><strong>Decii</strong></span> <span class='ocrx_word' id='word_1_193' title='bbox 1106 3157 1150 3221; x_wconf 91' lang='lat' dir='ltr'><strong>(de</strong></span> <span class='ocrx_word' id='word_1_194' title='bbox 1166 3157 1253 3217; x_wconf 76' lang='lat' dir='ltr'><strong>quibus</strong></span> 
     </span>
     <span class='ocr_line' id='line_1_29' title="bbox 174 3219 1252 3284; baseline 0.003 -17"><span class='ocrx_word' id='word_1_195' title='bbox 174 3222 231 3267; x_wconf 87' lang='grc'><strong><em>351.</em></strong></span> <span class='ocrx_word' id='word_1_196' title='bbox 249 3219 340 3268; x_wconf 64' lang='lat' dir='ltr'><strong>&amp;noire</strong></span> <span class='ocrx_word' id='word_1_197' title='bbox 347 3221 422 3284; x_wconf 82' lang='lat' dir='ltr'><strong>leges]</strong></span> <span class='ocrx_word' id='word_1_198' title='bbox 440 3221 515 3282; x_wconf 84' lang='lat' dir='ltr'><strong>Leges</strong></span> <span class='ocrx_word' id='word_1_199' title='bbox 521 3236 564 3281; x_wconf 86' lang='lat' dir='ltr'><strong>per</strong></span> <span class='ocrx_word' id='word_1_200' title='bbox 570 3220 684 3268; x_wconf 80' lang='lat' dir='ltr'><strong>Coesnrem</strong></span> <span class='ocrx_word' id='word_1_201' title='bbox 710 3219 798 3268; x_wconf 84' lang='lat' dir='ltr'><strong>diottun</strong></span> <span class='ocrx_word' id='word_1_202' title='bbox 809 3221 851 3269; x_wconf 91' lang='lat' dir='ltr'><strong>lib.</strong></span> <span class='ocrx_word' id='word_1_203' title='bbox 862 3223 886 3268; x_wconf 66' lang='lat'><strong>2.</strong></span> <span class='ocrx_word' id='word_1_204' title='bbox 898 3237 934 3269; x_wconf 84' lang='lat' dir='ltr'><strong>vs.</strong></span> <span class='ocrx_word' id='word_1_205' title='bbox 945 3224 1002 3270; x_wconf 78' lang='lat'><strong>544.</strong></span> <span class='ocrx_word' id='word_1_206' title='bbox 1013 3223 1055 3270; x_wconf 91' lang='lat' dir='ltr'><strong>lib.</strong></span> <span class='ocrx_word' id='word_1_207' title='bbox 1067 3224 1091 3269; x_wconf 88' lang='lat'><strong>6.</strong></span> <span class='ocrx_word' id='word_1_208' title='bbox 1107 3236 1143 3270; x_wconf 87' lang='lat' dir='ltr'><strong>rs.</strong></span> <span class='ocrx_word' id='word_1_209' title='bbox 1156 3224 1214 3270; x_wconf 79' lang='grc'><strong><em>787.</em></strong></span> <span class='ocrx_word' id='word_1_210' title='bbox 1226 3228 1252 3270; x_wconf 88' lang='lat' dir='ltr'><strong>et</strong></span> 
     </span>
     <span class='ocr_line' id='line_1_30' title="bbox 141 3283 1253 3350; baseline 0.002 -20"><span class='ocrx_word' id='word_1_211' title='bbox 141 3298 216 3346; x_wconf 86' lang='lat' dir='ltr'><strong>prope</strong></span> <span class='ocrx_word' id='word_1_212' title='bbox 231 3301 324 3332; x_wconf 78' lang='lat' dir='ltr'><strong>eversas</strong></span> <span class='ocrx_word' id='word_1_213' title='bbox 338 3302 428 3333; x_wconf 87' lang='lat' dir='ltr'><strong>rursum</strong></span> <span class='ocrx_word' id='word_1_214' title='bbox 443 3285 548 3332; x_wconf 82' lang='lat' dir='ltr'><strong>stabilire</strong></span> <span class='ocrx_word' id='word_1_215' title='bbox 565 3292 588 3331; x_wconf 91' lang='lat' dir='ltr'><strong>et</strong></span> <span class='ocrx_word' id='word_1_216' title='bbox 602 3287 684 3333; x_wconf 81' lang='lat' dir='ltr'><strong>confir·</strong></span> <span class='ocrx_word' id='word_1_217' title='bbox 708 3283 750 3330; x_wconf 89' lang='lat' dir='ltr'><strong>lib.</strong></span> <span class='ocrx_word' id='word_1_218' title='bbox 764 3291 786 3334; x_wconf 70' lang='lat'><strong>2.</strong></span> <span class='ocrx_word' id='word_1_219' title='bbox 799 3302 834 3333; x_wconf 89' lang='lat' dir='ltr'><strong>vs.</strong></span> <span class='ocrx_word' id='word_1_220' title='bbox 847 3285 918 3350; x_wconf 81' lang='lat'><strong>308.)</strong></span> <span class='ocrx_word' id='word_1_221' title='bbox 929 3287 952 3334; x_wconf 85' lang='lat' dir='ltr'><strong>in</strong></span> <span class='ocrx_word' id='word_1_222' title='bbox 961 3286 1024 3335; x_wconf 84' lang='lat' dir='ltr'><strong>vivis</strong></span> <span class='ocrx_word' id='word_1_223' title='bbox 1034 3285 1253 3343; x_wconf 85' lang='lat' dir='ltr'><strong>essent,oontinen-</strong></span> 
     </span>
     <span class='ocr_line' id='line_1_31' title="bbox 140 3349 1252 3414; baseline 0.003 -18"><span class='ocrx_word' id='word_1_224' title='bbox 140 3365 212 3397; x_wconf 76' lang='lat' dir='ltr'><strong>mue.</strong></span> <span class='ocrx_word' id='word_1_225' title='bbox 231 3349 299 3396; x_wconf 79' lang='lat' dir='ltr'><strong>Hert.</strong></span> <span class='ocrx_word' id='word_1_226' title='bbox 314 3349 364 3397; x_wconf 84' lang='lat' dir='ltr'><strong>Hoc</strong></span> <span class='ocrx_word' id='word_1_227' title='bbox 371 3349 503 3414; x_wconf 76' lang='lat' dir='ltr'><strong>sanguine]</strong></span> <span class='ocrx_word' id='word_1_228' title='bbox 520 3350 628 3398; x_wconf 79' lang='lat' dir='ltr'><strong>Caesaris.</strong></span> <span class='ocrx_word' id='word_1_229' title='bbox 640 3350 684 3400; x_wconf 81' lang='lat' dir='ltr'><strong>Le-</strong></span> <span class='ocrx_word' id='word_1_230' title='bbox 708 3349 794 3396; x_wconf 88' lang='lat' dir='ltr'><strong>tissimi</strong></span> <span class='ocrx_word' id='word_1_231' title='bbox 802 3351 838 3398; x_wconf 90' lang='lat' dir='ltr'><strong>illi</strong></span> <span class='ocrx_word' id='word_1_232' title='bbox 845 3351 891 3399; x_wconf 83' lang='lat' dir='ltr'><strong>viri</strong></span> <span class='ocrx_word' id='word_1_233' title='bbox 899 3360 924 3398; x_wconf 89' lang='lat' dir='ltr'><strong>et</strong></span> <span class='ocrx_word' id='word_1_234' title='bbox 932 3351 1113 3399; x_wconf 80' lang='lat' dir='ltr'><strong>constantissimi</strong></span> <span class='ocrx_word' id='word_1_235' title='bbox 1123 3349 1252 3414; x_wconf 71' lang='lat' dir='ltr'><strong>petrinus·</strong></span> 
     </span>
     <span class='ocr_line' id='line_1_32' title="bbox 138 3413 1272 3479; baseline 0.002 -18"><span class='ocrx_word' id='word_1_236' title='bbox 138 3415 200 3479; x_wconf 78' lang='lat' dir='ltr'><strong>ges]</strong></span> <span class='ocrx_word' id='word_1_237' title='bbox 218 3415 365 3462; x_wconf 82' lang='lat' dir='ltr'><strong>Libertatem.</strong></span> <span class='ocrx_word' id='word_1_238' title='bbox 708 3422 1107 3476; x_wconf 77' lang='lat' dir='ltr'><strong>sertores,snostrapertestsreut.</strong></span> <span class='ocrx_word' id='word_1_239' title='bbox 1211 3413 1219 3418; x_wconf 60' lang='grc'><strong>’”</strong></span> <span class='ocrx_word' id='word_1_240' title='bbox 1269 3423 1272 3438; x_wconf 83' lang='grc'><strong><em>·</em></strong></span> 
     </span>
     <span class='ocr_line' id='line_1_33' title="bbox 174 3477 1251 3545; baseline 0.003 -17"><span class='ocrx_word' id='word_1_241' title='bbox 174 3483 232 3528; x_wconf 72' lang='lat'><strong>35⁶2.</strong></span> <span class='ocrx_word' id='word_1_242' title='bbox 249 3479 273 3525; x_wconf 87' lang='lat' dir='ltr'><strong>Si</strong></span> <span class='ocrx_word' id='word_1_243' title='bbox 283 3495 354 3526; x_wconf 67' lang='lat' dir='ltr'><strong>sueno</strong></span> <span class='ocrx_word' id='word_1_244' title='bbox 364 3481 425 3536; x_wconf 82' lang='lat' dir='ltr'><strong>dure,</strong></span> <span class='ocrx_word' id='word_1_245' title='bbox 437 3477 495 3541; x_wconf 62' lang='grc' dir='ltr'><strong>δια]</strong></span> <span class='ocrx_word' id='word_1_246' title='bbox 521 3478 547 3528; x_wconf 90' lang='lat' dir='ltr'><strong>Si</strong></span> <span class='ocrx_word' id='word_1_247' title='bbox 562 3479 626 3526; x_wconf 91' lang='lat' dir='ltr'><strong>orbis</strong></span> <span class='ocrx_word' id='word_1_248' title='bbox 641 3480 683 3528; x_wconf 88' lang='lat' dir='ltr'><strong>im·</strong></span> <span class='ocrx_word' id='word_1_249' title='bbox 739 3482 796 3528; x_wconf 85' lang='lat'><strong>360.</strong></span> <span class='ocrx_word' id='word_1_250' title='bbox 814 3479 991 3545; x_wconf 67' lang='lat' dir='ltr'><strong>Primegentes]</strong></span> <span class='ocrx_word' id='word_1_251' title='bbox 1007 3479 1251 3531; x_wconf 68' lang='lat' dir='ltr'><strong>UltimsexAslndn</strong></span> 
     </span>
     <span class='ocr_line' id='line_1_34' title="bbox 138 3544 903 3607; baseline 0.003 -17"><span class='ocrx_word' id='word_1_252' title='bbox 138 3545 229 3607; x_wconf 84' lang='lat' dir='ltr'><strong>perium</strong></span> <span class='ocrx_word' id='word_1_253' title='bbox 250 3545 273 3590; x_wconf 90' lang='lat' dir='ltr'><strong>in</strong></span> <span class='ocrx_word' id='word_1_254' title='bbox 291 3545 406 3592; x_wconf 71' lang='lat' dir='ltr'><strong>cesarem</strong></span> <span class='ocrx_word' id='word_1_255' title='bbox 422 3547 527 3592; x_wconf 75' lang='lat' dir='ltr'><strong>consone</strong></span> <span class='ocrx_word' id='word_1_256' title='bbox 547 3545 683 3593; x_wconf 80' lang='lat' dir='ltr'><strong>statuissent</strong></span> <span class='ocrx_word' id='word_1_257' title='bbox 707 3553 760 3591; x_wconf 89' lang='lat' dir='ltr'><strong>sunt</strong></span> <span class='ocrx_word' id='word_1_258' title='bbox 770 3544 903 3592; x_wconf 72' lang='lat' dir='ltr'><strong>auxiliares.</strong></span> 
     </span>
     <span class='ocr_line' id='line_1_35' title="bbox 137 3608 1249 3676; baseline 0.005 -20"><span class='ocrx_word' id='word_1_259' title='bbox 137 3608 183 3657; x_wconf 91' lang='lat' dir='ltr'><strong>Dii</strong></span> <span class='ocrx_word' id='word_1_260' title='bbox 192 3626 199 3667; x_wconf 74' lang='lat'>3</span> <span class='ocrx_word' id='word_1_261' title='bbox 215 3626 251 3655; x_wconf 89' lang='lat' dir='ltr'><strong>me</strong></span> <span class='ocrx_word' id='word_1_262' title='bbox 263 3617 325 3657; x_wconf 86' lang='lat' dir='ltr'><strong>certe</strong></span> <span class='ocrx_word' id='word_1_263' title='bbox 341 3611 423 3669; x_wconf 83' lang='lat' dir='ltr'><strong>pstriae</strong></span> <span class='ocrx_word' id='word_1_264' title='bbox 440 3609 555 3656; x_wconf 75' lang='lat' dir='ltr'><strong>libertatis</strong></span> <span class='ocrx_word' id='word_1_265' title='bbox 573 3611 681 3658; x_wconf 83' lang='lat' dir='ltr'><strong>defenso·</strong></span> <span class='ocrx_word' id='word_1_266' title='bbox 740 3611 796 3657; x_wconf 64' lang='grc'><strong><em>362.</em></strong></span> <span class='ocrx_word' id='word_1_267' title='bbox 816 3609 868 3656; x_wconf 83' lang='lat' dir='ltr'><strong>Toto</strong></span> <span class='ocrx_word' id='word_1_268' title='bbox 884 3610 951 3660; x_wconf 83' lang='lat' dir='ltr'><strong>simul</strong></span> <span class='ocrx_word' id='word_1_269' title='bbox 967 3611 1056 3658; x_wconf 79' lang='lat' dir='ltr'><strong>utimur</strong></span> <span class='ocrx_word' id='word_1_270' title='bbox 1072 3609 1144 3676; x_wconf 77' lang='lat' dir='ltr'><strong>orbe]</strong></span> <span class='ocrx_word' id='word_1_271' title='bbox 1162 3609 1249 3662; x_wconf 71' lang='lat' dir='ltr'><strong>votur</strong></span> 
     </span>
     <span class='ocr_line' id='line_1_36' title="bbox 138 3673 876 3738; baseline 0.003 -18"><span class='ocrx_word' id='word_1_272' title='bbox 138 3689 190 3721; x_wconf 88' lang='lat' dir='ltr'><strong>rem</strong></span> <span class='ocrx_word' id='word_1_273' title='bbox 201 3691 213 3721; x_wconf 88' lang='lat' dir='ltr'><strong>e</strong></span> <span class='ocrx_word' id='word_1_274' title='bbox 226 3674 274 3720; x_wconf 83' lang='lat' dir='ltr'><strong>vita</strong></span> <span class='ocrx_word' id='word_1_275' title='bbox 285 3676 446 3738; x_wconf 75' lang='lat' dir='ltr'><strong>sustulissent:</strong></span> <span class='ocrx_word' id='word_1_276' title='bbox 464 3676 505 3720; x_wconf 90' lang='lat' dir='ltr'><strong>Me</strong></span> <span class='ocrx_word' id='word_1_277' title='bbox 517 3691 572 3722; x_wconf 92' lang='lat' dir='ltr'><strong>vero</strong></span> <span class='ocrx_word' id='word_1_278' title='bbox 583 3675 681 3738; x_wconf 89' lang='lat' dir='ltr'><strong>propitii</strong></span> <span class='ocrx_word' id='word_1_279' title='bbox 705 3673 769 3730; x_wconf 69' lang='lat' dir='ltr'><strong>orbis</strong></span> <span class='ocrx_word' id='word_1_280' title='bbox 780 3674 876 3722; x_wconf 90' lang='lat' dir='ltr'><strong>viribus.</strong></span> 
     </span>
     <span class='ocr_line' id='line_1_37' title="bbox 137 3735 1246 3803; baseline 0.004 -17"><span class='ocrx_word' id='word_1_281' title='bbox 137 3739 163 3786; x_wconf 84' lang='lat' dir='ltr'><strong>tn</strong></span> <span class='ocrx_word' id='word_1_282' title='bbox 175 3739 235 3785; x_wconf 87' lang='lat' dir='ltr'><strong>vivis</strong></span> <span class='ocrx_word' id='word_1_283' title='bbox 246 3739 345 3787; x_wconf 87' lang='lat' dir='ltr'><strong>retinere</strong></span> <span class='ocrx_word' id='word_1_284' title='bbox 357 3741 485 3787; x_wconf 87' lang='lat' dir='ltr'><strong>voluerunt.</strong></span> <span class='ocrx_word' id='word_1_285' title='bbox 737 3743 794 3788; x_wconf 81' lang='lat'><strong>363.</strong></span> <span class='ocrx_word' id='word_1_286' title='bbox 814 3739 925 3801; x_wconf 82' lang='lat' dir='ltr'><strong>Quicquid</strong></span> <span class='ocrx_word' id='word_1_287' title='bbox 934 3736 1046 3803; x_wconf 65' lang='lat' dir='ltr'><strong>signiferi,</strong></span> <span class='ocrx_word' id='word_1_288' title='bbox 1057 3735 1115 3801; x_wconf 74' lang='lat' dir='ltr'><strong>dtu]</strong></span> <span class='ocrx_word' id='word_1_289' title='bbox 1131 3735 1170 3786; x_wconf 80' lang='lat' dir='ltr'><strong>Ex</strong></span> <span class='ocrx_word' id='word_1_290' title='bbox 1181 3739 1246 3790; x_wconf 85' lang='lat' dir='ltr'><strong>omni</strong></span> 
     </span>
     <span class='ocr_line' id='line_1_38' title="bbox 171 3804 1246 3868; baseline 0.002 -16"><span class='ocrx_word' id='word_1_291' title='bbox 171 3806 228 3852; x_wconf 82' lang='lat'><strong>355.</strong></span> <span class='ocrx_word' id='word_1_292' title='bbox 247 3804 324 3868; x_wconf 70' lang='lat' dir='ltr'><strong>Qun]</strong></span> <span class='ocrx_word' id='word_1_293' title='bbox 346 3806 420 3852; x_wconf 76' lang='lat' dir='ltr'><strong>&#39;Pente</strong></span> <span class='ocrx_word' id='word_1_294' title='bbox 438 3811 550 3864; x_wconf 71' lang='lat' dir='ltr'><strong>praeterea</strong></span> <span class='ocrx_word' id='word_1_295' title='bbox 568 3804 680 3866; x_wconf 85' lang='lat' dir='ltr'><strong>potentia,</strong></span> <span class='ocrx_word' id='word_1_296' title='bbox 704 3820 760 3866; x_wconf 87' lang='lat' dir='ltr'><strong>pop.</strong></span> <span class='ocrx_word' id='word_1_297' title='bbox 774 3805 879 3864; x_wconf 83' lang='lat' dir='ltr'><strong>subjecto</strong></span> <span class='ocrx_word' id='word_1_298' title='bbox 891 3804 1002 3862; x_wconf 73' lang='lat' dir='ltr'><strong>zodiaco,</strong></span> <span class='ocrx_word' id='word_1_299' title='bbox 1018 3805 1047 3850; x_wconf 84' lang='lat' dir='ltr'><strong>sb</strong></span> <span class='ocrx_word' id='word_1_300' title='bbox 1063 3810 1169 3862; x_wconf 77' lang='lat' dir='ltr'><strong>extremo</strong></span> <span class='ocrx_word' id='word_1_301' title='bbox 1179 3806 1246 3854; x_wconf 88' lang='lat' dir='ltr'><strong>Noto</strong></span> 
     </span>
     <span class='ocr_line' id='line_1_39' title="bbox 137 3868 1246 3932; baseline 0.005 -16"><span class='ocrx_word' id='word_1_302' title='bbox 137 3874 186 3916; x_wconf 76' lang='lat' dir='ltr'><strong>tum</strong></span> <span class='ocrx_word' id='word_1_303' title='bbox 204 3870 311 3929; x_wconf 88' lang='lat' dir='ltr'><strong>ingentes</strong></span> <span class='ocrx_word' id='word_1_304' title='bbox 331 3877 463 3932; x_wconf 85' lang='lat' dir='ltr'><strong>nppsratus,</strong></span> <span class='ocrx_word' id='word_1_305' title='bbox 481 3868 526 3916; x_wconf 77' lang='lat' dir='ltr'><strong>&amp;e</strong></span> <span class='ocrx_word' id='word_1_306' title='bbox 552 3870 679 3930; x_wconf 85' lang='lat' dir='ltr'><strong>Pompeius</strong></span> <span class='ocrx_word' id='word_1_307' title='bbox 704 3871 734 3916; x_wconf 89' lang='lat' dir='ltr'><strong>ad</strong></span> <span class='ocrx_word' id='word_1_308' title='bbox 757 3869 864 3917; x_wconf 87' lang='lat' dir='ltr'><strong>ultimum</strong></span> <span class='ocrx_word' id='word_1_309' title='bbox 882 3869 983 3916; x_wconf 72' lang='lat' dir='ltr'><strong>Boreum</strong></span> <span class='ocrx_word' id='word_1_310' title='bbox 1002 3869 1114 3931; x_wconf 82' lang='lat' dir='ltr'><strong>degentes</strong></span> <span class='ocrx_word' id='word_1_311' title='bbox 1134 3869 1246 3921; x_wconf 71' lang='lat' dir='ltr'><strong>labem</strong></span> 
     </span>
     <span class='ocr_line' id='line_1_40' title="bbox 137 3933 798 3998; baseline 0.002 -18"><span class='ocrx_word' id='word_1_312' title='bbox 137 3934 200 3994; x_wconf 82' lang='lat' dir='ltr'><strong>spud</strong></span> <span class='ocrx_word' id='word_1_313' title='bbox 211 3934 350 3993; x_wconf 81' lang='lat' dir='ltr'><strong>Appianum.</strong></span> <span class='ocrx_word' id='word_1_314' title='bbox 371 3933 463 3982; x_wconf 80' lang='lat' dir='ltr'><strong>Vincere</strong></span> <span class='ocrx_word' id='word_1_315' title='bbox 475 3934 582 3998; x_wconf 75' lang='lat' dir='ltr'><strong>possent]</strong></span> <span class='ocrx_word' id='word_1_316' title='bbox 599 3935 679 3982; x_wconf 84' lang='lat' dir='ltr'><strong>Victo·</strong></span> <span class='ocrx_word' id='word_1_317' title='bbox 703 3934 798 3983; x_wconf 83' lang='lat' dir='ltr'><strong>suxilis.</strong></span> 
     </span>
     <span class='ocr_line' id='line_1_41' title="bbox 136 3996 1244 4064; baseline 0 -18"><span class='ocrx_word' id='word_1_318' title='bbox 136 3997 195 4046; x_wconf 74' lang='lat' dir='ltr'><strong>riam</strong></span> <span class='ocrx_word' id='word_1_319' title='bbox 206 4000 319 4046; x_wconf 80' lang='lat' dir='ltr'><strong>conferre.</strong></span> <span class='ocrx_word' id='word_1_320' title='bbox 735 4001 792 4048; x_wconf 80' lang='lat'><strong>365.</strong></span> <span class='ocrx_word' id='word_1_321' title='bbox 810 3997 890 4047; x_wconf 80' lang='lat' dir='ltr'><strong>Nonne</strong></span> <span class='ocrx_word' id='word_1_322' title='bbox 904 3996 1027 4064; x_wconf 63' lang='lat' dir='ltr'><strong>tupeffutls</strong></span> <span class='ocrx_word' id='word_1_323' title='bbox 1041 4000 1166 4054; x_wconf 80' lang='lat' dir='ltr'><strong>collectum,</strong></span> <span class='ocrx_word' id='word_1_324' title='bbox 1184 3996 1244 4064; x_wconf 65' lang='grc' dir='ltr'><strong>δια]</strong></span> 
     </span>
     <span class='ocr_line' id='line_1_42' title="bbox 169 4062 1243 4127; baseline 0.001 -16"><span class='ocrx_word' id='word_1_325' title='bbox 169 4064 226 4111; x_wconf 80' lang='grc'><strong><em>356.</em></strong></span> <span class='ocrx_word' id='word_1_326' title='bbox 253 4063 344 4110; x_wconf 82' lang='lat' dir='ltr'><strong>Subiere</strong></span> <span class='ocrx_word' id='word_1_327' title='bbox 365 4063 476 4123; x_wconf 63' lang='lat' dir='ltr'><strong>munla,</strong></span> <span class='ocrx_word' id='word_1_328' title='bbox 496 4062 553 4127; x_wconf 69' lang='grc' dir='ltr'>δια]</span> <span class='ocrx_word' id='word_1_329' title='bbox 586 4065 678 4126; x_wconf 83' lang='lat' dir='ltr'><strong>Totque</strong></span> <span class='ocrx_word' id='word_1_330' title='bbox 702 4065 784 4118; x_wconf 79' lang='lat' dir='ltr'><strong>Annon</strong></span> <span class='ocrx_word' id='word_1_331' title='bbox 794 4064 862 4112; x_wconf 83' lang='lat' dir='ltr'><strong>tnoile</strong></span> <span class='ocrx_word' id='word_1_332' title='bbox 874 4065 919 4112; x_wconf 90' lang='lat' dir='ltr'><strong>erit</strong></span> <span class='ocrx_word' id='word_1_333' title='bbox 930 4079 1032 4126; x_wconf 76' lang='lat' dir='ltr'><strong>expense</strong></span> <span class='ocrx_word' id='word_1_334' title='bbox 1041 4062 1092 4112; x_wconf 84' lang='lat' dir='ltr'><strong>scie</strong></span> <span class='ocrx_word' id='word_1_335' title='bbox 1102 4072 1126 4114; x_wconf 91' lang='lat' dir='ltr'><strong>et</strong></span> <span class='ocrx_word' id='word_1_336' title='bbox 1137 4066 1243 4126; x_wconf 67' lang='lat' dir='ltr'><strong>equitatu</strong></span> 
     </span>
     <span class='ocr_line' id='line_1_43' title="bbox 136 4127 1244 4192; baseline -0.002 -15"><span class='ocrx_word' id='word_1_337' title='bbox 136 4127 324 4190; x_wconf 66' lang='lat' dir='ltr'><strong>praecellentibus</strong></span> <span class='ocrx_word' id='word_1_338' title='bbox 342 4128 421 4190; x_wconf 76' lang='lat' dir='ltr'><strong>stipati</strong></span> <span class='ocrx_word' id='word_1_339' title='bbox 431 4129 498 4188; x_wconf 86' lang='lat' dir='ltr'><strong>viris,</strong></span> <span class='ocrx_word' id='word_1_340' title='bbox 515 4146 613 4190; x_wconf 87' lang='lat' dir='ltr'><strong>quornm</strong></span> <span class='ocrx_word' id='word_1_341' title='bbox 623 4146 678 4192; x_wconf 86' lang='lat' dir='ltr'><strong>psrs</strong></span> <span class='ocrx_word' id='word_1_342' title='bbox 701 4129 868 4176; x_wconf 85' lang='lat' dir='ltr'><strong>circumvenire</strong></span> <span class='ocrx_word' id='word_1_343' title='bbox 882 4129 962 4177; x_wconf 88' lang='lat' dir='ltr'><strong>hostes</strong></span> <span class='ocrx_word' id='word_1_344' title='bbox 977 4129 1047 4176; x_wconf 86' lang='lat' dir='ltr'><strong>nobis</strong></span> <span class='ocrx_word' id='word_1_345' title='bbox 1063 4145 1158 4176; x_wconf 85' lang='lat' dir='ltr'><strong>numero</strong></span> <span class='ocrx_word' id='word_1_346' title='bbox 1173 4128 1244 4190; x_wconf 80' lang='lat' dir='ltr'><strong>longe</strong></span> 
     </span>
     <span class='ocr_line' id='line_1_44' title="bbox 135 4193 1242 4256; baseline 0.001 -17"><span class='ocrx_word' id='word_1_347' title='bbox 135 4193 252 4240; x_wconf 79' lang='lat' dir='ltr'><strong>Senatorii</strong></span> <span class='ocrx_word' id='word_1_348' title='bbox 264 4193 353 4240; x_wconf 89' lang='lat' dir='ltr'><strong>ordinis</strong></span> <span class='ocrx_word' id='word_1_349' title='bbox 368 4200 413 4251; x_wconf 88' lang='lat' dir='ltr'><strong>est,</strong></span> <span class='ocrx_word' id='word_1_350' title='bbox 428 4210 482 4256; x_wconf 75' lang='lat' dir='ltr'><strong>pers</strong></span> <span class='ocrx_word' id='word_1_351' title='bbox 498 4195 621 4254; x_wconf 85' lang='lat' dir='ltr'><strong>equestris,</strong></span> <span class='ocrx_word' id='word_1_352' title='bbox 631 4195 678 4243; x_wconf 74' lang='lat' dir='ltr'><strong>ne.</strong></span> <span class='ocrx_word' id='word_1_353' title='bbox 702 4195 825 4243; x_wconf 82' lang='lat' dir='ltr'><strong>cedentes?</strong></span> <span class='ocrx_word' id='word_1_354' title='bbox 842 4196 922 4242; x_wconf 73' lang='lat' dir='ltr'><strong>uem</strong></span> <span class='ocrx_word' id='word_1_355' title='bbox 932 4193 1126 4242; x_wconf 82' lang='lat' dir='ltr'><strong>babuitcolsortes</strong></span> <span class='ocrx_word' id='word_1_356' title='bbox 1137 4196 1177 4241; x_wconf 79' lang='lat'><strong>80.</strong></span> <span class='ocrx_word' id='word_1_357' title='bbox 1188 4207 1242 4253; x_wconf 77' lang='lat' dir='ltr'><strong>ques</strong></span> 
     </span>
     <span class='ocr_line' id='line_1_45' title="bbox 135 4256 1249 4321; baseline 0.003 -16"><span class='ocrx_word' id='word_1_358' title='bbox 135 4258 220 4319; x_wconf 80' lang='lat' dir='ltr'><strong>Pomp.</strong></span> <span class='ocrx_word' id='word_1_359' title='bbox 236 4258 299 4319; x_wconf 81' lang='lat' dir='ltr'><strong>apud</strong></span> <span class='ocrx_word' id='word_1_360' title='bbox 314 4258 414 4320; x_wconf 81' lang='lat' dir='ltr'><strong>Appisn.</strong></span> <span class='ocrx_word' id='word_1_361' title='bbox 427 4261 504 4321; x_wconf 83' lang='lat' dir='ltr'><strong>Reges</strong></span> <span class='ocrx_word' id='word_1_362' title='bbox 515 4261 580 4315; x_wconf 84' lang='lat' dir='ltr'><strong>item,</strong></span> <span class='ocrx_word' id='word_1_363' title='bbox 596 4267 677 4308; x_wconf 80' lang='lat' dir='ltr'><strong>tetm-</strong></span> <span class='ocrx_word' id='word_1_364' title='bbox 702 4275 791 4308; x_wconf 76' lang='lat' dir='ltr'><strong>summa</strong></span> <span class='ocrx_word' id='word_1_365' title='bbox 800 4266 850 4307; x_wconf 73' lang='lat' dir='ltr'><strong>erut</strong></span> <span class='ocrx_word' id='word_1_366' title='bbox 862 4259 960 4317; x_wconf 75' lang='lat'><strong>22,000.</strong></span> <span class='ocrx_word' id='word_1_367' title='bbox 970 4274 1039 4320; x_wconf 84' lang='lat' dir='ltr'><strong>quem</strong></span> <span class='ocrx_word' id='word_1_368' title='bbox 1048 4256 1249 4308; x_wconf 55' lang='lat' dir='ltr'><strong>numernml&#39;oms</strong></span> 
     </span>
     <span class='ocr_line' id='line_1_46' title="bbox 134 4323 1242 4388; baseline -0.005 -11"><span class='ocrx_word' id='word_1_369' title='bbox 134 4323 195 4377; x_wconf 58' lang='lat' dir='ltr'><strong>m,</strong></span> <span class='ocrx_word' id='word_1_370' title='bbox 208 4323 318 4383; x_wconf 74' lang='lat' dir='ltr'><strong>dymtoe,</strong></span> <span class='ocrx_word' id='word_1_371' title='bbox 333 4323 446 4388; x_wconf 86' lang='lat' dir='ltr'><strong>multique</strong></span> <span class='ocrx_word' id='word_1_372' title='bbox 462 4323 504 4378; x_wconf 78' lang='lat' dir='ltr'><strong>dii</strong></span> <span class='ocrx_word' id='word_1_373' title='bbox 517 4325 638 4376; x_wconf 73' lang='lat' dir='ltr'><strong>subiture</strong></span> <span class='ocrx_word' id='word_1_374' title='bbox 652 4332 678 4375; x_wconf 91' lang='lat' dir='ltr'><strong>et</strong></span> <span class='ocrx_word' id='word_1_375' title='bbox 700 4325 770 4386; x_wconf 85' lang='lat' dir='ltr'><strong>peius</strong></span> <span class='ocrx_word' id='word_1_376' title='bbox 783 4323 856 4387; x_wconf 85' lang='lat' dir='ltr'><strong>duplo</strong></span> <span class='ocrx_word' id='word_1_377' title='bbox 870 4325 1003 4385; x_wconf 75' lang='lat' dir='ltr'><strong>superabat,</strong></span> <span class='ocrx_word' id='word_1_378' title='bbox 1017 4330 1103 4384; x_wconf 75' lang='lat' dir='ltr'><strong>praeter</strong></span> <span class='ocrx_word' id='word_1_379' title='bbox 1122 4329 1242 4372; x_wconf 79' lang='lat' dir='ltr'><strong>externos.</strong></span> 
     </span>
    </p>
   </div>
   <div class='ocr_carea' id='block_1_7' title="bbox 135 4376 1366 4460">
    <p class='ocr_par' dir='ltr' id='par_1_17' title="bbox 135 4376 1366 4460">
     <span class='ocr_line' id='line_1_47' title="bbox 135 4376 1366 4460; baseline 0.001 -25"><span class='ocrx_word' id='word_1_380' title='bbox 135 4387 251 4452; x_wconf 59' lang='lat' dir='ltr'><strong>‘vertute</strong></span> <span class='ocrx_word' id='word_1_381' title='bbox 265 4389 399 4455; x_wconf 75' lang='lat' dir='ltr'><strong>venerandi.</strong></span> <span class='ocrx_word' id='word_1_382' title='bbox 496 4457 498 4460; x_wconf 8' lang='grc' dir='ltr'><em>Α</em></span> <span class='ocrx_word' id='word_1_383' title='bbox 701 4390 789 4454; x_wconf 66' lang='lat' dir='ltr'><strong>Ceteri</strong></span> <span class='ocrx_word' id='word_1_384' title='bbox 798 4395 862 4441; x_wconf 76' lang='lat' dir='ltr'><strong>essm</strong></span> <span class='ocrx_word' id='word_1_385' title='bbox 868 4392 941 4442; x_wconf 82' lang='lat'><strong>1000.</strong></span> <span class='ocrx_word' id='word_1_386' title='bbox 947 4385 1241 4453; x_wconf 65' lang='lat' dir='ltr'><strong>equitesfflornpeiottioo.</strong></span> <span class='ocrx_word' id='word_1_387' title='bbox 1344 4376 1366 4390; x_wconf 37' lang='lat'><strong>‘¹</strong></span> 
     </span>
    </p>
   </div>
   <div class='ocr_carea' id='block_1_8' title="bbox 624 4469 676 4522">
    <p class='ocr_par' dir='ltr' id='par_1_18' title="bbox 624 4469 676 4522">
     <span class='ocr_line' id='line_1_48' title="bbox 624 4469 676 4522; baseline 0 0"><span class='ocrx_word' id='word_1_388' title='bbox 624 4469 676 4522; x_wconf 72' lang='lat' dir='ltr'><strong>SS</strong></span> 
     </span>
    </p>
   </div>
   <div class='ocr_carea' id='block_1_9' title="bbox 0 0 1396 4860">
    <p class='ocr_par' dir='ltr' id='par_1_19' title="bbox 0 0 1396 4860">
     <span class='ocr_line' id='line_1_49' title="bbox 0 0 1396 4860; baseline 0 9"><span class='ocrx_word' id='word_1_389' title='bbox 0 0 1396 4860; x_wconf 95' lang='lat' dir='ltr'><strong> </strong></span> 
     </span>
    </p>
   </div>
  </div>
 </body>
</html>
