2784 4860
143 341 211 409 ue
427 337 478 404 rc.
522 337 727 406 unnim
771 280 997 409 nucius·

145 516 317 583 Romulus
333 515 451 581 infami
467 516 653 599 complevit
666 514 795 579 moenia
811 515 905 594 luco,

144 628 265 713 Usque
281 629 326 693 ad
341 628 562 693 Thessalicas
577 627 743 692 servisses
758 628 873 693 Romu
886 630 1016 701 mina&

146 743 202 808 De
217 741 345 816 Brutis,
360 739 524 816 Fortuna,
539 760 673 822 queror.
689 741 772 824 quid
786 746 942 825 tempora
954 742 1070 826 legum
1191 748 1261 813 444

145 852 299 936 Egimus,
316 858 375 917 aut
390 871 498 915 annos
514 871 536 914 a
550 849 700 915 Consule
715 872 840 917 nomen
851 852 1045 937 babentes?

145 965 282 1030 Felices
298 965 443 1040 Arabes,
461 960 637 1045 Medique,
654 961 797 1046 anque
812 964 927 1042 tellus,
967 1042 978 1053 ,

145 1075 259 1156 Quam
275 1077 339 1139 sub
355 1074 530 1158 perpetuis
544 1078 722 1137 tenuerunt
736 1073 809 1138 fata
821 1074 1003 1157 l'yraunis.

145 1188 201 1253 Ex
215 1188 367 1271 populis,
383 1187 443 1268 qui
457 1205 561 1267 regna
576 1185 697 1260 ferunt,
714 1203 789 1249 sors
804 1186 925 1255 ultima
938 1191 1059 1254 nostru
1069 1192 1139 1268 esi,
1221 1224 1226 1229 -

146 1298 245 1379 Quos
262 1298 387 1362 servire
403 1293 519 1379 pudet.
543 1294 629 1359 Sunt
642 1296 743 1359 nobis
758 1296 853 1360 nulla
865 1296 1023 1381 profecto
1188 1302 1259 1369 445

144 1410 313 1475 Numina:
338 1428 417 1471 cum
433 1427 529 1471 caeco
544 1407 719 1490 rapiantur
734 1408 852 1472 secula
867 1426 965 1485 casu,

146 1520 330 1584 Mentimur
345 1538 484 1601 regnare
499 1518 522 1582 J
524 1538 634 1581 ovem.
650 1518 821 1601 spectabit
836 1519 881 1582 ab
897 1519 969 1583 ulto

145 1632 284 1695 AEtbere
296 1630 529 1705 Thessalicas,
544 1634 658 1692 teneat
673 1648 751 1693 cum
765 1629 918 1707 fulmina,
935 1632 1078 1696 caedes'i

145 1743 286 1807 Scilicet
300 1743 375 1825 ipse
391 1746 484 1824 petet
499 1740 677 1803 Pholoenl
700 1746 794 1824 petet
805 1742 941 1824 ignibus
957 1742 1082 1822 Oeten,

144 1854 395 1936 Immeritaeque
410 1872 529 1916 nemus
546 1851 748 1935 Rhodopes
761 1854 932 1938 pinusque
945 1856 1156 1925 minanteist
1189 1858 1258 1925 tic

144 1964 287 2031 Cassius
302 1966 369 2029 boc
384 1965 500 2048 potius
514 1964 612 2027 feriet
628 1965 754 2047 caputl
778 1970 870 2029 astra
883 1966 1046 2050 Thpestae

143 2075 307 2154 Abstulit,
322 2081 356 2141 et
371 2075 493 2139 subitis
509 2075 684 2139 damasit
696 2076 856 2140 noctibus
871 2078 1004 2160 Argos}

143 2187 212 2252 Tot
227 2187 356 2251 similes
370 2186 509 2249 fratrum
525 2185 670 2268 gladios
689 2191 892 2271 patrumque
907 2189 1035 2270 gerenti
1094 2232 1099 2241 -

143 2299 334 2363 Thessaliae
351 2298 446 2362 dabit
461 2297 518 2361 ille
534 2297 645 2361 diemi
668 2299 826 2362 mortalia
839 2301 925 2364 nulli
1097 2378 1102 2383 ι

144 2411 230 2474 Sunt
245 2415 362 2473 curata
377 2408 464 2472 Deo.
482 2408 592 2471 cladis
606 2413 719 2471 tamen
733 2407 835 2493 hujus
849 2410 1016 2476 habemus
1186 2410 1255 2491 455

44 2516 47 2525 ’
143 2519 352 2598 Vindictam,
370 2525 532 2603 quantam
547 2520 643 2583 terris
660 2519 740 2584 dare
755 2522 896 2586 numina
909 2523 963 2587 fas
979 2528 1043 2588 est.

142 2699 192 2745 440
208 2695 306 2757 longum.
364 2695 412 2745 446
422 2695 553 2756 rapiuntur.
612 2695 661 2740 448
669 2692 782 2758 fulguru,
792 2696 873 2744 cloden
931 2700 982 2748 449
996 2699 1060 2758 utu.
1121 2700 1173 2749 44⁹
1185 2700 1250 2761 m

208 2764 258 2808 450
269 2760 395 2807 millanicis.
472 2762 518 2807 451
535 2759 621 2804 casus?
695 2762 742 2807 451
752 2759 834 2823 jesiul.
911 2765 960 2811 452
978 2761 1082 2823 Impulit,
1090 2760 1186 2815 Intulit.

314 2829 364 2873 454
374 2824 444 2871 dedit.
558 2826 606 2873 456
618 2832 735 2885 quaestum.
849 2830 899 2879 456
905 2826 950 2890 fui
957 2836 996 2884 est,
1005 2830 1081 2877 imit.

143 2980 228 3036 nendo,
249 2980 324 3026 Remo
340 2993 383 3025 sex
399 2977 504 3024 vultures
521 2984 683 3038 uppamemnt,
708 2978 769 3037 quod
781 2995 826 3025 nou
837 2979 882 3027 nisi
894 2987 987 3042 gravate
998 2987 1022 3027 et
1032 2996 1086 3028 cum
1095 2980 1189 3049 pudore
1197 2994 1252 3045 per·

143 3046 245 3094 Romulo
258 3047 298 3091 12.
309 3050 377 3104 utque
388 3043 453 3089 illius
463 3050 553 3102 tempus
564 3042 632 3103 hujus
644 3058 682 3088 su·
707 3043 813 3103 petimur.
1241 3100 1245 3107 Ι

141 3118 234 3174 peruret
245 3125 360 3156 numerus.
740 3110 797 3157 446.
816 3107 873 3154 Cum
889 3125 942 3156 ceco
958 3111 1090 3171 rupinum,
1102 3108 1163 3177 duc]
1178 3110 1251 3159 lin·—

175 3170 232 3225 438.
249 3173 334 3238 infami
343 3172 456 3234 compleuit
466 3172 545 3218 moerric
554 3167 622 3236 luen]
645 3173 680 3219 Ad
707 3178 750 3227 bu,
763 3173 878 3228 uirides,
893 3176 1152 3233 Deosessecredimus,
1165 3176 1253 3225 inm

142 3243 204 3303 quod
216 3241 305 3301 asylum
315 3239 340 3285 in
347 3239 410 3294 luco,
427 3254 440 3284 u
449 3238 549 3283 Romulo
560 3238 589 3282 ad
598 3253 683 3298 angen·
707 3237 815 3285 timemus
823 3238 915 3295 lovem,
924 3238 1039 3301 siqnidem
1047 3242 1097 3289 brec
1105 3240 1197 3289 coelun
1204 3256 1251 3289 nun

30 3284 35 3293 ἱ
46 3300 57 3319 '²
143 3309 199 3354 dum
210 3305 342 3367 imperium,
358 3311 464 3366 apertum
475 3303 598 3363 confugere
612 3303 683 3358 servi,
708 3310 775 3350 curel
783 3303 910 3359 vindicare,
920 3304 941 3351 si
951 3306 1044 3365 quidem
1054 3307 1103 3355 hm
1113 3312 1162 3355 inm
1172 3306 1251 3355 lenit·

140 3372 237 3433 judiciis
245 3368 474 3424 obnoxii,scelerati.
491 3366 682 3431 Autpostorjitit,
707 3367 1031 3431 videat,tumlentnspuniut‚
1051 3368 1252 3441 Vitamregiifors

143 3446 184 3483 out
194 3437 253 3483 iilud
264 3436 321 3498 quod
332 3436 407 3481 dicere
417 3434 474 3480 nob.
494 3435 579 3481 iuven.
596 3436 644 3481 sn.
658 3439 682 3482 8.
707 3440 772 3488 trinu,
787 3434 988 3495 conprovideutia.

142 3518 177 3549 vs.
190 3501 232 3548 ult.
740 3501 796 3546 449.
814 3498 900 3546 Scilicet
910 3500 963 3560 ipse,
972 3501 1031 3565 diu]
1047 3500 1146 3549 feriunt
1156 3516 1253 3551 mm

176 3570 232 3615 439.
250 3562 491 3625 Theualicusniiuus]
509 3563 603 3609 cladem
610 3564 682 3610 Pinar-
707 3561 806 3615 fulmina
817 3572 906 3612 mortiet.
924 3566 970 3612 Sed
981 3566 1136 3628 quidmoutes
1143 3560 1256 3617 meme

143 3632 244 3679 salicum.
707 3627 770 3688 pati?
786 3629 841 3688 quin
851 3630 929 3676 Caesar
937 3632 1016 3692 polius
1025 3631 1174 3679 fulminatur?
1190 3624 1194 3631 ’

175 3701 232 3745 440,
251 3695 287 3741 De
298 3693 404 3803 Brutis}
419 3695 456 3740 De
466 3692 536 3740 Junio
548 3693 632 3747 Bruto,
642 3691 681 3753 qui
740 3696 795 3741 451.
810 3694 944 3742 Cossiusboc
953 3696 1253 3763 murisjemetcppwssfl

142 3764 216 3822 ejecto
239 3759 362 3820 Tarquinio
382 3766 422 3805 ut.
441 3774 530 3819 regum,
552 3758 682 3803 libertatem
708 3758 1253 3823 curCaesuriscuputreserrnturpotinussuii

141 3827 229 3882 intulit,
244 3841 312 3885 quam
328 3824 368 3870 diu
383 3830 494 3870 retentam
513 3823 618 3868 amittere
632 3824 681 3882 jam
708 3821 787 3885 (unius
798 3840 810 3870 e
822 3826 997 3884 percussoribus
1009 3825 1166 3891 Caes.)icrro‚
1180 3828 1251 3891 qum

142 3907 213 3954 grave
223 3899 266 3945 est,
278 3891 335 3935 libet
345 3889 418 3949 queri.
435 3889 499 3942 Quid
508 3895 612 3948 tempora,
624 3888 680 3951 dic]
707 3894 747 3934 tuo
762 3889 855 3935 fulmine
867 3891 915 3951 jam
930 3891 1028 3940 seritur?
1044 3892 1113 3940 ditm
1127 3890 1250 3963 ssyen]

142 3957 206 4014 Quid
222 3956 317 4017 prodest
336 3970 423 4000 summa
436 3955 543 4015 aequitate
561 3954 604 3999 sub
622 3953 681 4014 legi-
707 3952 761 4016 Jup.
779 3954 865 4016 repulit
884 3956 961 4003 Solem
977 3958 1002 4004 iu
1022 3964 1106 4015 crtum,
1124 3966 1252 4007 ensem

141 4025 187 4069 bus
200 4021 298 4077 vixisse,
311 4025 335 4066 et
351 4021 416 4067 Coss.
435 4035 532 4080 quorum
549 4018 680 4065 nominibus
707 4020 782 4066 scelus
794 4020 859 4067 Atrei
868 4021 995 4083 inlustrem
1003 4021 1071 4088 (ride
1082 4024 1178 4071 &um
1187 4024 1251 4087 sty-

141 4093 288 4135 numerantur
319 4085 483 4146 signanterque
510 4084 570 4130 anni.
591 4083 632 4130 lib.
656 4086 678 4132 5.
707 4092 772 4130 esten
785 4088 963 4145 etquaenosnd
976 4086 1253 4151 ntt.onornm)cum

139 4169 175 4200 vs,
192 4157 218 4203 5.
705 4149 768 4196 idem
784 4150 822 4196 bic
839 4151 895 4198 fucit
911 4152 1040 4201 detestatus
1054 4154 1182 4215 premiis
1193 4154 1251 4203 hin

172 4224 229 4268 444.
246 4215 339 4272 Aretes,
354 4213 409 4277 dic]
426 4215 473 4276 Qui
485 4230 575 4277 semper
585 4213 680 4275 regibus
704 4215 758 4263 inde
770 4221 805 4264 tut
813 4217 954 4277 parricidia?
1166 4274 1169 4281 Ι

138 4289 271 4347 paruerunt.
737 4284 794 4339 452.
812 4280 904 4346 Argus]
928 4278 1041 4343 Myconus
1057 4282 1131 4347 Argi·
1147 4284 1251 4349 ticin,

172 4353 229 4399 444.
248 4343 445 4409 Espupulis,&c.]
462 4345 513 4391 Nus
520 4341 680 4405 omniumpos-
699 4346 965 4406 'Pelopidnmmsedem

139 4413 208 4463 benni
222 4413 245 4461 iu
259 4413 283 4459 id
294 4413 379 4474 jugum
388 4428 419 4460 ex
429 4411 537 4458 libertate
547 4408 681 4468 incidimus,
737 4413 794 4463 455.
811 4411 894 4463 clodis.
910 4412 1011 4467 Moe,
