2784 4860
166 324 234 393 soa
439 328 490 397 u.
535 332 733 403 asnar
776 336 995 412 aucuns
1088 298 1097 309 ⁸

166 499 259 565 Nam
274 500 478 587 Pompeiani
493 506 588 570 visus
611 508 678 573 sibi
700 511 782 577 sede
798 513 918 580 theatri

166 608 381 676 Innumeram
400 613 543 696 effigiem
563 615 731 685 Romanae
752 642 888 690 eernere
906 626 1031 710 plebis,
1230 636 1273 709 la

164 720 353 806 Attollique
376 746 475 789 suum
494 726 585 791 laetis
608 729 653 793 ad
674 731 787 797 sidera
800 754 926 800 nomen

162 831 331 910 Vocibus
344 842 378 900 et
392 838 517 920 plausu
542 858 670 904 cuneos
693 847 822 907 certare
837 848 1023 915 sonanteis.

163 942 286 1022 Qualis
305 954 376 1013 erat
396 951 516 1032 populi
530 949 650 1028 faciae,
667 951 863 1037 clamorque
876 955 1035 1039 faventis,

163 1055 255 1120 Olim
272 1076 349 1121 eum
365 1059 515 1143 juvenis
531 1061 699 1144 primique
714 1070 815 1129 aetate
830 1066 992 1152 triumphi

160 1166 247 1232 Post
258 1170 404 1234 domitas
419 1178 546 1253 gentes
561 1194 647 1255 quas
662 1179 792 1238 torrens
815 1177 922 1242 ambit
943 1177 1077 1259 lbems
1223 1186 1268 1253 15

159 1277 204 1343 Et
219 1300 433 1363 quaecunque
453 1281 559 1364 fugax
574 1282 743 1347 Sertorius
758 1284 893 1368 impulit
907 1306 1014 1368 arma,

157 1389 312 1474 Vespere
331 1397 469 1474 pacato,
485 1412 571 1475 pura
584 1394 789 1459 venerabilis
810 1415 909 1480 aeque

158 1499 272 1580 Quam
287 1522 403 1565 currus
419 1490 558 1567 ornante
575 1509 665 1586 toga,
682 1504 866 1588 plaudente
883 1506 1023 1586 Senatu,

157 1609 253 1676 Sedit
275 1613 385 1676 adhuc
408 1612 587 1677 Romanus
601 1635 719 1698 eques.
764 1615 833 1681 Seu
854 1617 920 1683 fine
942 1619 1111 1685 bonorum

155 1719 272 1785 Anxia
287 1723 435 1787 venturis
451 1724 496 1787 ad
511 1728 665 1808 tempora
677 1726 759 1790 loeta
773 1726 915 1809 refugit:
942 1756 945 1761 ·
1216 1734 1263 1801 20
1280 1784 1284 1791 .

155 1829 236 1896 Sive
251 1852 312 1915 per
327 1834 488 1915 ambages
509 1834 629 1898 solitas
645 1836 813 1899 contraria
828 1836 913 1900 visis

153 1940 352 2006 Vaticinata
371 1944 480 2025 quies,
506 1944 620 2026 magni
635 1944 712 2008 tulit
726 1945 840 2010 omina
860 1947 1043 2030 planetam:

74 2118 77 2122 ,
152 2050 222 2116 Seu
242 2054 347 2117 vetito
366 2055 495 2137 patrias
511 2055 599 2118 ultra
612 2055 675 2119 tibi
688 2074 823 2119 eernere
837 2056 950 2135 sedes,
1048 2132 1057 2141 ‚

152 2160 210 2227 Sic
233 2162 381 2228 Romam
400 2164 536 2229 fortuna
557 2165 660 2229 dedit.
695 2163 751 2229 Ne
771 2165 917 2249 rumpite
931 2184 1082 2247 somnos,

151 2338 285 2385 9estuisus.
336 2341 368 2386 13
370 2336 498 2402 faventum.
550 2341 676 2386 14aestate.
728 2340 906 2402 16quueunque.
949 2342 982 2388 22
996 2338 1085 2405 Magna
1129 2342 1256 2393 Sto-aia.

186 2503 209 2548 9.
227 2499 364 2559 Pompeiani,
374 2499 429 2562 δια]
440 2501 459 2549 Α
470 2500 583 2559 Pompeio
595 2507 688 2548 extrue·
713 2499 837 2555 duebatm,
847 2514 914 2559 qnam
924 2499 989 2561 picta
1003 2499 1078 2549 illast
1094 2501 1197 2563 palmata
1207 2518 1255 2565 qu

149 2564 168 2611 ti
179 2566 209 2612 ad
217 2564 313 2610 turmam
320 2565 381 2611 illias
389 2566 450 2625 qnod
462 2565 485 2613 iu
499 2565 611 2624 Mitylene
621 2566 687 2612 vide·
712 2564 853 2625 triumphant
863 2565 979 2613 eonsules.

149 2635 192 2676 rat.
208 2629 249 2675 sed
267 2630 405 2690 augustioris
422 2637 445 2676 et
460 2630 594 2690 capacioris.
611 2630 686 2676 Tacit.
746 2631 785 2674 18.
804 2627 1031 2677 PlaudenteSenutu.
1042 2627 1254 2692 usquamne
1320 2628 1323 2633 ’

149 2693 191 2742 lib.
204 2698 242 2740 14.
255 2702 279 2741 et
290 2695 351 2741 Ptin.
367 2696 408 2741 lib.
420 2697 444 2740 7.
456 2710 508 2756 cap.
520 2697 543 2742 3.
557 2702 581 2741 et
593 2695 634 2741 lib.
646 2697 686 2745 36.
711 2699 766 2739 natu
774 2692 824 2739 scil.
834 2692 975 2753 triumphurn
983 2692 1252 2758 indulgenta,atquaap-

150 2773 200 2820 cap.
215 2762 253 2807 15.
710 2757 921 2817 plaudentejnveni
929 2758 1040 2819 Pompeio
1049 2758 1252 2819 equiti,necdura

182 2827 222 2871 ie.
241 2824 325 2871 Caeneos
340 2831 434 2879 amare,
448 2821 506 2884 dra]
531 2825 686 2884 Spectatorea,
711 2820 798 2868 ordinis
810 2821 933 2868 Senatorii.

148 2886 172 2935 in
184 2888 305 2935 ordinibus
318 2890 428 2949 graduum
439 2889 468 2933 ad
479 2887 574 2933 sormam
585 2889 652 2934 cunei
661 2888 685 2935 in
743 2888 782 2933 19.
801 2884 873 2948 Eques
881 2885 1015 2950 Romanus]
1031 2886 1141 2934 Nondum
1152 2886 1251 2938 amre

148 2960 267 3014 angustum
277 2954 373 2999 aircnte
381 2958 558 3008 contractorum,
568 2954 683 3000 sedentes.
709 2948 739 2994 rii
751 2949 851 2996 ordinis:
868 2951 930 3011 quod
939 2950 1025 2998 nemini
1036 2957 1103 2998 antea
1111 2952 1249 3015 conligant,
1317 2958 1320 2963 “

147 3016 203 3064 vide
215 3018 279 3079 Lips.
292 3019 321 3062 de
332 3016 449 3077 Arnphitlr.
458 3018 496 3062 13.
512 3024 536 3062 et
549 3018 643 3077 Buling.
654 3018 684 3063 de
709 3020 735 3060 ut
746 3030 817 3074 eques
829 3015 897 3061 Rom.
906 3015 1000 3076 juvenis
1011 3015 1109 3063 XXIV.
1126 3030 1198 3065 annm
1207 3033 1250 3067 aa·

148 3081 330 3142 Gireoeap.34.
348 3081 586 3143 omnesomnes]
605 3083 684 3129 Certa-
708 3084 754 3133 tus,
765 3078 953 3140 antelogitimam
972 3085 1064 3126 oetatmn
1078 3080 1195 3141 pernriaan
1209 3088 1248 3130 to-

146 3146 189 3194 tim
200 3147 348 3208 applaudere.
708 3143 755 3189 tius
775 3143 872 3190 Senatus
892 3144 1050 3204 triumpharet·
1077 3144 1185 3193 Horma.
1202 3144 1249 3197 &a

180 3215 220 3260 13.
239 3211 319 3266 Qualis
338 3217 387 3258 erut
402 3207 585 3273 populifceies]
612 3209 682 3267 Quali
700 3206 751 3269 fine
762 3207 936 3271 decoramine]
954 3209 1000 3255 Seu
1008 3206 1247 3271 (inquitpoatam-

144 3275 227 3323 laetitia
238 3277 366 3338 plausuque
376 3282 487 3336 exceptus
501 3274 574 3321 iuerat
585 3275 639 3321 olim
651 3291 682 3322 ex
707 3271 739 3318 nii
751 3272 819 3333 lrujns
834 3288 926 3321 eausam
939 3272 1074 3337 anquirens)
1086 3290 1152 3321 mena
1168 3288 1247 3325 ram

146 3339 262 3403 Hispania
276 3356 392 3393 reversus.
409 3340 472 3385 etde
484 3339 586 3386 Sertorio
602 3339 681 3386 trium·
706 3335 809 3384 laetarum
826 3338 909 3384 adesse
926 3338 994 3384 finem
1010 3342 1068 3392 rata,
1083 3353 1127 3398 per
1142 3339 1246 3400 quietam

144 3407 217 3467 phana
226 3414 278 3453 aute
288 3405 412 3468 legitimam
423 3398 513 3450 aetatem
522 3404 637 3464 permissu
646 3420 682 3451 se·
706 3401 805 3448 recurrit
816 3403 844 3448 ad
857 3401 962 3449 solatium
972 3402 1121 3463 pra-sentiam
1133 3404 1246 3453 malm

143 3477 219 3518 natus.
706 3481 736 3511 ex
747 3467 857 3512 memoria
867 3468 1041 3527 praeteritarum.

178 3538 217 3585 14.
234 3534 346 3597 quenis]
364 3534 443 3581 Annos
454 3536 493 3582 24.
508 3539 582 3579 natus.
739 3532 777 3576 91.
795 3530 844 3578 Siue
852 3545 893 3590 per
900 3531 1011 3594 ambages,
1019 3530 1062 3578 &a
1072 3529 1244 3593 &acetum-

177 3603 216 3647 15.
236 3601 297 3654 Quas
313 3609 406 3655 torrens,
425 3597 482 3660 δια]
509 3598 635 3659 Hispanas.
653 3595 680 3642 li·
704 3595 768 3650 trias,
785 3594 882 3642 &odie
903 3595 1005 3653 Romam,
1023 3595 1080 3659 διο]
1097 3594 1162 3651 Sira,
1179 3598 1244 3659 qaod

144 3664 186 3712 liro
195 3667 219 3712 4.
231 3681 266 3711 vs.
280 3666 319 3711 93.
704 3673 749 3704 non
760 3675 812 3707 raro
824 3661 857 3715 lit,
875 3660 999 3707 ntsomnia
1010 3665 1244 3721 repraesentantem·

177 3732 216 3778 16.
236 3728 385 3790 Quaecunque,
399 3726 455 3789 dre]
473 3726 524 3774 lib.
537 3730 560 3774 2.
572 3742 606 3773 rs.
622 3728 678 3775 549.
704 3723 805 3771 trarium.
818 3725 851 3772 ita
859 3724 897 3771 hio
908 3724 1022 3785 Pompeio
1033 3725 1244 3787 oblatuaestplffl

144 3790 226 3858 Fugam
242 3792 370 3853 Sarmata]
397 3793 457 3839 Exul
477 3799 501 3839 et
518 3791 630 3853 fugitivus
648 3807 679 3838 ex
704 3804 743 3835 sus
754 3804 797 3849 pro
814 3790 924 3850 planetu;
940 3790 1000 3847 sive,
1014 3796 1069 3836 'eum
1083 3804 1132 3835 non
1146 3790 1243 3839 darm

142 3860 232 3907 urbest
241 3858 309 3903 Italia
321 3858 343 3902 in
355 3856 491 3917 Hispanias,
506 3872 562 3917 quas
576 3857 605 3902 ad
617 3871 679 3902 anna
704 3854 817 3914 Pompeio
837 3854 922 3902 exinde
940 3856 1039 3901 Romam
1058 3854 1146 3910 videre,
1166 3854 1244 3905 voluit

142 3923 275 3970 concitavit.
295 3922 444 3982 Proscriptus
461 3936 516 3983 ergo
528 3922 551 3967 iu
570 3920 678 3967 ulteriore
703 3919 793 3964 furtum
804 3934 854 3965 eam
865 3920 893 3965 ab
904 3918 945 3965 illo
957 3919 1035 3979 eerni3
1049 3934 1092 3982 per
1105 3919 1208 3981 queam
1217 3926 1244 3970 et

141 3987 259 4049 Hispania
278 3987 363 4033 bellum
378 3987 458 4046 ingens
474 3985 593 4033 excitarit.
618 3984 679 4032 Hor-
704 3983 786 4028 somnii
797 3982 927 4042 imaginem.

142 4054 233 4101 uratur.
736 4050 774 4093 tt.
794 4046 894 4111 Omina]
920 4048 1088 4095 Praesemicnaa
1103 4062 1241 4123 magnaram

174 4122 214 4166 17.
233 4117 323 4176 Vespere
338 4114 438 4176 parata]
456 4115 618 4175 Hispaniam
632 4114 677 4159 Oc·
702 4113 820 4158 malornm.
840 4111 942 4160 Hortens.

140 4178 254 4232 sideham
267 4183 318 4229 sita.
337 4181 401 4227 Puro
412 4179 548 4236 venerabilis,
557 4177 613 4239 dte]
624 4179 677 4223 Non
736 4181 776 4225 ll.
794 4175 830 4223 Ne
841 4179 937 4237 rumpite
944 4191 1034 4233 comana,
1051 4174 1108 4239 dra]
1125 4179 1240 4239 Apesas>

140 4249 216 4296 minus
231 4247 370 4308 conspicuus
385 4244 491 4291 clarusve
509 4250 564 4303 toga
580 4240 681 4288 candida
702 4241 747 4304 plre
756 4242 871 4303 pathetica
880 4242 907 4287 ad
916 4240 1061 4289 stationarios
1069 4243 1241 4291 amrami-

140 4319 165 4359 et
175 4328 242 4374 pars,
253 4327 299 4372 qua
313 4311 382 4358 etiarn
400 4309 454 4355 dum
464 4323 539 4355 novus
549 4321 609 4369 pene
624 4312 677 4367 tyro
703 4306 770 4368 giles,
780 4311 808 4352 nt
817 4322 869 4353 cum
881 4305 973 4355 silentio
983 4306 1093 4354 excubias
1102 4312 1183 4369 agant,
1197 4322 1240 4357 aa»

140 4383 164 4423 at
174 4379 260 4438 primas
268 4373 399 4438 juventutis
415 4380 489 4422 metas
506 4372 626 4434 ingressas
641 4371 676 4418 in·
702 4386 748 4432 que
759 4370 863 4419 buccinas
878 4370 972 4434 vigilas
988 4368 1151 4433 disum&
1161 4364 1240 4423 amita
