2784 4860
139 352 206 418 506
452 348 918 417 SUPPLEMENTUM

139 521 188 589 Ni
202 522 343 608 Libycae
358 522 487 599 clades,
503 528 538 587 et
551 521 657 588 tristis
672 521 792 588 funera
806 520 957 587 Munda-s

138 633 311 701 Victrices
326 633 395 698 alio
410 632 600 698 foedassent
615 633 754 698 crimine
769 633 919 699 dextras.

181 743 231 810 At
245 744 320 810 Nili
334 745 501 809 scelerata
516 743 650 820 cohors,
667 763 745 826 quae
761 748 899 827 sceptra
912 742 1066 811 dedisset

141 855 284 940 Reginae
299 854 457 932 Arsinoe,
473 853 586 918 subito
600 858 732 918 mutata
744 852 898 932 rebellat,

142 966 354 1034 Foemineum
369 964 564 1048 Imperium,
579 963 757 1048 fastusque
771 983 882 1029 exosa
894 964 1065 1049 superbos

142 1076 298 1142 Eunuchi
312 1074 533 1158 Ganymedis,
549 1080 584 1140 et
597 1075 717 1159 implet
731 1079 845 1140 castra
857 1074 1014 1143 tumultu.

142 1187 219 1252 Nec
234 1187 396 1270 pavidum
409 1205 574 1264 murmur3
597 1204 768 1251 consensu
783 1184 930 1251 audacia
943 1186 1062 1263 crevit,

140 1297 320 1380 Tantaque
335 1297 435 1361 turba
447 1301 539 1361 metu
554 1315 733 1380 poenarum
747 1297 851 1362 solvit
864 1296 909 1362 ab
923 1290 1029 1363 omni.
1088 1290 1094 1299 ’

144 1409 220 1474 Nec
235 1427 349 1487 mora3
373 1406 508 1471 Delecti
523 1406 567 1470 ad
580 1405 743 1473 Tentoria
757 1406 906 1472 Caesaris
919 1406 1017 1473 ibant

145 1519 259 1584 Invita
273 1516 431 1592 Arsinoe,
445 1535 568 1599 pacem
583 1514 781 1600 Regemquc
795 1520 962 1600 petentes,

145 1629 189 1693 Et
204 1629 405 1692 delictorum
418 1627 564 1704 veniam,
581 1627 757 1712 dirumque
771 1626 956 1692 Photinum

145 1738 194 1802 Ut
208 1738 374 1802 scelerum
389 1736 574 1815 authorem,
591 1743 625 1800 et
637 1757 769 1802 saerum
783 1742 984 1803 execrantur
996 1734 1189 1819 Achillam,

145 1847 216 1927 Qui
230 1846 363 1911 facinus
377 1846 497 1910 merita
505 1847 581 1931 Jam
595 1846 731 1913 tandem
743 1851 852 1913 morte
864 1847 1021 1915 luissent.

188 1957 363 2021 Ausonius
377 1956 521 2035 Ductor,
536 1956 778 2041 quamvisjam
790 1955 942 2023 fervidus
957 1958 1021 2039 ira,

144 2068 273 2133 Pacem
287 2071 421 2150 optans,
436 2064 629 2149 Phariaque
639 2067 762 2131 timeus
774 2066 913 2149 regione
925 2068 1034 2135 aneti

146 2180 238 2243 Dum
253 2176 374 2261 procul
389 2175 572 2241 AEmathiae
588 2180 712 2241 coeant
723 2176 913 2259 fragmenta
923 2177 1046 2257 ruiuae,
1162 2226 1168 2233 -

146 2288 249 2365 Dum,
266 2306 351 2369 quas
367 2285 528 2370 dispersit
541 2285 658 2350 clades
673 2285 886 2365 Pharsalica,
899 2306 1016 2355 rursus

143 2399 168 2464 J
169 2401 335 2480 ungantur
348 2396 451 2471 vires,
467 2400 502 2459 et
516 2400 629 2460 castra
641 2396 781 2463 hostilia
794 2404 961 2477 crescant,

144 2506 298 2589 Castigat
311 2506 421 2591 primo
437 2505 555 2587 dictis3
576 2525 660 2571 mox
673 2505 783 2573 fronte
797 2528 920 2575 serem
998 2570 1003 2579 .
1044 2494 1050 2502 ’

145 2619 217 2684 Dat
230 2616 366 2680 veniam
379 2616 559 2701 precibus;
580 2637 645 2683 nec
659 2622 754 2685 tauta
768 2617 919 2687 Cessatis
931 2618 985 2687 ira

145 2730 313 2813 Dignatur
326 2728 413 2793 viles
428 2729 588 2812 populos,
604 2728 798 2813 impendere
812 2734 906 2797 totos
947 2732 950 2737 '

144 2840 277 2906 Irarum
290 2839 413 2904 ductus
428 2840 572 2923 cupiens
587 2839 747 2935 civilibus
760 2839 876 2907 armis.

144 2951 207 3017 Nil
221 2952 288 3015 nisi
302 2948 451 3015 Romani
466 2949 607 3032 Imperii
621 2948 810 3033 patriaeque
829 2950 946 3027 ruinas

144 3058 216 3129 Aut
228 3061 360 3124 scelera
373 3080 450 3125 esse
465 3060 538 3124 suis
553 3051 612 3124 aut
626 3058 729 3142 digna
742 3058 897 3143 pericula
909 3058 991 3127 fatis

144 3169 270 3248 Credit,
286 3176 321 3235 et
334 3169 506 3235 imbellem
519 3169 747 3237 Ptolemaeum
759 3168 797 3234 in
808 3188 914 3254 regna
923 3171 1077 3241 remittit.

187 3280 282 3360 Quid
296 3281 442 3357 tandem,
457 3279 647 3347 miserande
661 3299 758 3365 puer,
771 3280 836 3347 tibi
848 3281 1000 3366 proderit
1011 3282 1083 3351 ista

144 3391 311 3467 libertas,
326 3409 430 3473 quam
443 3395 550 3455 morte
563 3391 651 3469 lues,
665 3391 827 3482 regnique
840 3393 964 3460 ruiua't

142 3498 264 3565 Tutior
279 3498 323 3563 ah
333 3499 435 3582 longe
450 3500 610 3565 custodia
622 3498 772 3571 Caesaris
785 3508 880 3571 assat

33 3614 37 3619 '
144 3607 258 3689 Quam
272 3609 355 3674 data
366 3609 526 3691 libertas3
547 3631 611 3677 nec
627 3631 706 3677 cum
720 3613 879 3699 captivus
892 3616 1031 3700 mabar,

143 3719 231 3785 Esse
245 3740 374 3785 nocens
387 3725 535 3805 poteras.
558 3727 592 3788 tc
606 3724 693 3789 saevi
707 3719 856 3789 Caesaris
870 3724 922 3789 ira

143 3829 282 3895 Liberat
296 3835 334 3895 ut
346 3816 456 3896 ¹fieres.
478 3830 615 3898 Phariae
630 3851 710 3898 nam
722 3837 865 3899 noverat
877 3834 968 3901 auiar

142 3938 336 4019 Perfidiam,
351 3961 531 4026 moresque
545 3948 636 4020 tuos,
650 3948 711 4008 tua
723 3944 868 4011 crimina
881 3962 1024 4031 sperans

143 4049 191 4115 Ut
204 4070 288 4115 mox
296 4052 393 4134 justa
408 4053 514 4117 cadas
529 4052 722 4137 Cleopatrae
738 4054 880 4121 victima
891 4074 1016 4141 regum

140 4148 249 4247 Cujus
264 4161 421 4226 adulterii
434 4163 579 4245 pretium
594 4164 750 4231 Nilotica
762 4171 900 4252 sceptra

141 4273 295 4340 Donabit
309 4274 439 4354 Caesar,
454 4276 616 4363 dulciquc
626 4279 806 4365 impendet
815 4281 937 4349 amori.
1074 4358 1078 4365 ¹
