2784 4860
343 342 567 428 crurnrs
611 312 791 428 untur
836 350 948 427 nin.
984 342 1028 415 r.

142 527 223 594 Hoc
244 521 365 611 precor
380 530 578 606 extremum,
595 528 626 592 si
639 528 688 592 nil
702 528 766 594 tibi
779 529 874 594 victa
887 527 1078 612 relinquent

141 639 263 711 Tutius
285 659 379 703 arma
393 638 486 721 fuga,
505 659 583 705 cum
597 645 631 704 te
647 640 858 707 commiseris
872 639 986 716 undis,

142 751 307 831 Quolibet
322 751 507 818 infaustum
528 752 645 834 potius
660 752 802 818 deflecte
819 751 999 818 carinnmr‘

142 863 330 928 littoribus
345 875 496 946 quaerere
518 864 616 929 meis.
649 863 708 930 Sic
723 864 807 942 fata,
825 864 955 933 relictis

145 975 274 1039 Exiluit
289 976 402 1039 stratis
419 994 547 1052 amens,
563 980 795 1059 tormentaque
810 975 905 1041 nulla

143 1085 227 1150 Vult
249 1085 380 1152 differre
394 1105 502 1150 mora.
515 1105 585 1150 non
598 1088 714 1151 moesti
727 1092 869 1171 pectora
890 1084 1010 1169 Magni

144 1196 294 1261 Sustinet
314 1196 476 1279 amplexu
501 1196 606 1272 dulci,
620 1217 689 1262 non
716 1199 808 1281 colla
821 1202 956 1262 tenere:

144 1306 391 1390 Extremusque
407 1307 496 1390 perit
511 1312 581 1372 tarn
595 1308 688 1391 longi
702 1308 825 1374 fluctus
841 1308 989 1376 amoris:

145 1418 434 1502 Praecipitantque
450 1439 532 1484 suos
547 1421 679 1484 luctus:
702 1427 885 1504 neuterque
900 1420 1064 1485 recedens

146 1528 314 1596 Sustinuit
328 1531 459 1595 dixisse
474 1531 563 1608 vale,
578 1531 751 1614 vitamque
766 1551 827 1616 per
842 1549 978 1596 omnem

146 1641 253 1718 Nulla
268 1642 332 1706 fuit
346 1647 416 1706 tam
430 1647 555 1706 moesta
569 1641 655 1708 dies
674 1662 753 1707 nam
774 1646 900 1708 caetera
920 1643 1045 1707 damna

146 1753 278 1818 Durata
288 1753 362 1837 jam
376 1759 487 1817 mente
503 1754 615 1831 malis,
632 1753 794 1836 firmaque
814 1755 971 1819 tulenmt.
994 1776 999 1784 ·

146 1863 288 1940 Labitur
301 1865 432 1941 infelix,
448 1866 673 1948 manibusque
688 1871 835 1949 excepta
853 1885 992 1930 suorum
1022 1859 1025 1866 ’
1082 1925 1088 1935 „

147 1976 267 2042 Fertur
282 1978 325 2043 ad
342 1999 532 2062 aequoreae,
549 1999 591 2044 ac
610 1999 648 2044 se
663 1978 856 2063 prosternit,
877 1995 1011 2054 arenas,

149 2088 347 2171 Littoraque
363 2089 442 2172 ipsa
455 2096 558 2167 tenet,
576 2089 780 2172 tandemque
795 2088 892 2164 illata
907 2087 1032 2152 carinae
1048 2092 1110 2151 est.

148 2197 230 2264 Non
244 2200 295 2263 sic
310 2200 430 2264 infelix
445 2203 601 2284 patriam,
617 2207 803 2285 portusque
818 2200 956 2283 reliquit

147 2309 351 2395 Hesperios,
368 2312 453 2376 saevi
469 2318 659 2396 premerent
673 2332 751 2377 cum
767 2310 916 2375 Caesaris
932 2329 1037 2375 arma.

151 2420 239 2485 Fida
255 2441 370 2485 comcs
387 2422 506 2504 Magni
520 2424 620 2488 vadis
636 2423 723 2488 duce
739 2423 815 2486 sola
836 2422 969 2499 relicto,

151 2530 424 2616 Pompeiumque
439 2535 539 2617 fugis.
557 2555 633 2618 quae
649 2555 720 2598 nox
734 2534 797 2597 tibi
812 2532 972 2616 proxima
986 2533 1089 2610 venit,

150 2640 334 2707 Insomnis
350 2644 455 2708 viduo
471 2651 542 2709 tum
557 2645 702 2729 primum
724 2642 847 2724 frigida
861 2643 964 2720 lec-to,

151 2751 266 2835 Atque
283 2753 417 2818 insueta
432 2755 530 2849 quies
546 2755 616 2832 uni,
632 2754 827 2836 nudumque
849 2755 970 2819 marito

153 2859 235 2927 Non
250 2864 398 2929 haerente
414 2866 515 2930 latus.
533 2884 654 2930 somno
671 2884 774 2947 quam
789 2884 883 2948 saepe
898 2868 1039 2947 gravata

152 2999 348 3061 l87relinquunt.
402 3001 581 3056 ree-Qualem
626 3003 676 3049 791
690 2999 774 3048 Eriliit.
824 3002 962 3050 793tenen'.
1012 2998 1254 3065 ⁷95Prec1pitdtqne.

218 3069 417 3127 suspectumque.
507 3069 555 3114 808
566 3066 681 3129 relinquit.
779 3069 827 3115 803
840 3065 981 3126 Hesperiam.
1063 3066 1189 3116 8040000.

283 3131 411 3195 805fogit.
510 3135 558 3182 805
570 3146 618 3193 quoe
628 3146 670 3177 noc
679 3131 729 3187 siti,
739 3134 781 3177 noe
791 3146 838 3194 qna
848 3132 896 3178 sibl.
1003 3132 1051 3180 806
1062 3139 1124 3177 tnnc.

186 3246 243 3294 787.
261 3245 286 3292 Si
303 3245 337 3292 nil
350 3246 390 3292 tibi
407 3247 473 3302 eino,
489 3243 547 3309 dra]
565 3245 591 3292 Si
603 3243 646 3291 tibi
658 3246 693 3292 ul
718 3254 743 3292 et
751 3245 901 3302 calamitates
912 3261 964 3306 qute
973 3245 1079 3308 perpessi
1094 3247 1192 3303 sumt,
1205 3247 1254 3306 jm

155 3310 211 3356 tima
222 3311 285 3356 salus
304 3312 427 3370 quaerenda
443 3311 474 3357 sit
492 3310 548 3372 fuga
564 3325 606 3370 per
624 3326 694 3366 mare,
719 3310 879 3357 occalluerant

155 3375 694 3436 quemlibetpotiuslocumpetequrmlesbou,
751 3377 808 3422 799
826 3375 924 3422 Labitur
938 3373 1025 3438 irffelir,
1039 3373 1096 3436 dte]
1119 3372 1256 3421 Exanimnta

156 3455 253 3516 namque
263 3440 307 3485 huo
319 3447 342 3486 te
353 3441 503 3500 insequentur
516 3441 604 3496 hostes,
616 3447 694 3486 notam
719 3439 788 3486 ondit.
807 3455 875 3487 ouras
884 3437 1038 3504 AEgroj'ngit,
1049 3438 1255 3502 suscipiuntfamu·

155 3504 203 3553 mei
215 3519 319 3551 secessus
331 3506 417 3552 sedem.

188 3572 244 3618 790.
256 3568 364 3633 Sicjlrto,
374 3567 477 3630 relictis]
490 3568 591 3616 Adsum
601 3567 695 3615 modum
752 3571 808 3617 800
826 3567 930 3630 Aratus]
947 3568 1075 3630 inquibus
1093 3565 1256 3630 relinquendus
1303 3586 1305 3590 ’

155 3634 234 3682 locuta
245 3633 354 3680 Cornelia
364 3633 448 3680 exiluit
465 3650 478 3680 e
492 3634 554 3680 lecto
566 3633 649 3680 amenti
663 3633 695 3679 si·
720 3640 771 3680 erut
780 3633 823 3679 vir

155 3697 234 3758 nrilis;
251 3714 325 3759 neque
338 3700 426 3755 osculo,
438 3714 512 3759 neque
522 3698 632 3758 amplexu
643 3697 695 3760 dig
753 3701 808 3746 801.
822 3697 891 3745 Tenet
901 3696 1256 3760 tandenqneffluoadlroetoe

154 3771 209 3811 unta
226 3763 341 3817 maritum,
360 3764 418 3809 adeo
438 3764 542 3824 graviter
560 3763 653 3821 doluit;
669 3771 696 3810 ut
720 3762 966 3824 cuput‚oegreavulsa.
1058 3790 1061 3794 ·

155 3827 293 3875 nullamora
309 3828 480 3889 interpositnse
495 3827 550 3875 inde
559 3827 694 3888 abripuerit
752 3831 808 3875 808.
827 3826 880 3875 Non
898 3829 930 3874 εἰσ
947 3828 1027 3892 infelix
1049 3827 1168 3891 putrium]
1202 3829 1256 3876 Non

158 3891 263 3941 Hortena.
370 3925 373 3929 .
719 3898 783 3938 tanto
791 3909 843 3939 cum
854 3892 935 3938 dolore
942 3894 1047 3955 fugiebas
1055 3892 1153 3952 patriam
1160 3899 1257 3954 urgente

131 4016 135 4022 ι
189 3959 246 4004 791.
267 3955 509 4018 Tormentaqnenulla
528 3956 584 4021 dra]
601 3956 695 4004 Crucin-
720 3957 793 4011 lroste,
804 3963 854 4003 tuta
869 3957 920 4003 scil.
939 3958 989 4004 viro
1001 3957 1100 4004 comite:
1117 3973 1131 4003 ι
1150 3973 1195 4017 quo
1208 3959 1257 4018 J'rm

156 4028 194 4069 tus
205 4021 293 4068 doloris
305 4036 318 4066 e
331 4021 435 4068 discessu
444 4023 557 4083 concepti.
720 4022 841 4068 discedens
851 4022 937 4069 videris
948 4023 992 4069 tibi
1003 4021 1200 4078 decertaretur
1208 4037 1257 4069 me·

190 4088 248 4134 794
266 4085 445 4152 Extremusque]
463 4087 566 4134 Ultimus
575 4086 695 4149 complex·
719 4085 773 4132 liori
783 4093 848 4146 parte
859 4089 946 4134 orbata.

159 4167 195 4198 us.
753 4155 809 4200 806
830 4149 909 4209 Viduo,
922 4151 1015 4213 duni]
1033 4149 1197 4197 Cabantisoli.

190 4216 248 4264 ⁷95.
267 4214 613 4281 Praedpitontqrusnoslnctna]
631 4217 695 4263 Prae·
753 4219 809 4263 808.
827 4215 981 4279 Somnoqtrom
991 4231 1054 4277 saepe,
1063 4215 1121 4278 &c]
1139 4214 1259 4262 Μουσω-

157 4279 280 4342 cipitantes
292 4280 427 4335 accelerant,
441 4281 587 4342 abrumpunt
720 4296 763 4343 que
782 4281 881 4337 laceros,
897 4282 944 4329 Per
958 4296 1066 4337 somnum,
1083 4292 1206 4341 corpusque
1219 4292 1259 4340 pc·

191 4348 248 4393 797.
267 4343 327 4393 Nam
335 4354 416 4393 cetae
424 4346 515 4402 &rnna
526 4343 582 4411 dte]
599 4346 638 4395 Ad
646 4362 696 4394 om
720 4345 918 4408 tensamplectitar
936 4361 1012 4395 aura.
1028 4345 1132 4406 Alcyone
1143 4343 1259 4395 annun

158 4407 412 4469 nummum,
425 4380 577 4491 incontriroda,
589 4411 696 4462 neema
720 4413 760 4458 11.
770 4411 866 4461 ussum
