2784 4860
151 336 216 402 158
417 338 468 405 Μ.
511 338 714 409 ANNAEI
758 340 979 412 LUCANI

152 508 354 572 Exorandus
370 510 456 573 criti
479 511 624 577 ducibus
640 532 776 597 quoquc
791 515 863 580 vita
877 518 1025 600 petenda
1038 521 1134 585 estt·

151 617 337 701 Nunquam
356 625 472 684 nostra
485 621 580 687 salus
595 624 750 706 pretium,
764 643 962 710 mercesque
980 628 1139 695 nefandae
1180 632 1244 697 22⁰

92 711 95 717 ’
152 727 360 793 Proditionis
376 731 456 793 erit:
479 750 548 796 non
561 732 627 797 hoc
644 734 761 798 civilia
775 734 877 813 bella,

151 837 200 901 Ut
213 839 379 915 vivamus,
396 845 508 920 agimt.
523 842 684 906 trahimur
699 845 762 908 sub
781 846 917 909 nornine
932 849 1042 930 pacis.

151 947 233 1012 Non
248 948 426 1030 chalybem
440 956 555 1032 gentes
570 954 705 1035 penitus
721 954 869 1036 fugiente
891 959 1028 1023 metallo
1067 1040 1071 1047 Α
1126 1010 1130 1017 .

149 1058 322 1135 Eruorent,
338 1061 421 1123 nulli
435 1062 601 1127 vallarent
616 1064 745 1148 oppida
759 1067 856 1142 muri,

150 1167 231 1232 Non
250 1171 388 1251 sonipes
402 1170 438 1232 in
451 1171 544 1234 bella
557 1172 666 1248 ferox,
681 1194 750 1237 non
764 1176 827 1238 iret
841 1176 876 1239 in
891 1196 1009 1259 aequor
1143 1260 1146 1265 Ι
1170 1176 1244 1241 '226

148 1279 343 1362 Turrigeras
360 1280 483 1344 classis
498 1282 621 1363 pelago
637 1302 798 1364 sparsura
817 1286 963 1361 carinas,

149 1389 187 1454 Si
208 1391 294 1454 bene
309 1392 448 1454 libertas
465 1410 615 1473 unquam
630 1412 692 1474 pro
707 1412 795 1475 pace
811 1393 955 1457 daretur.

148 1500 280 1564 Hostes
295 1520 416 1582 nempe
432 1520 527 1563 meos
549 1501 668 1564 sceleri
683 1502 800 1584 jurata
812 1501 961 1566 nefando

148 1611 367 1674 Sacramenta
381 1615 513 1674 tenent:
537 1616 572 1674 at
584 1612 684 1675 vobis
700 1612 800 1676 vilior
814 1612 880 1676 hoo
896 1617 950 1677 est

146 1719 271 1784 Vestra
285 1720 380 1797 fides,
397 1721 489 1802 quod
504 1740 565 1802 pro
582 1740 688 1786 causa
702 1723 898 1804 pugnabitis
912 1722 1025 1804 aequa.
1177 1724 1241 1791 23⁰

148 1829 217 1894 Sed
232 1831 365 1894 veniam
386 1812 521 1912 sperare
537 1831 628 1894 licet.
646 1833 731 1914 proh
753 1832 828 1895 dira
843 1832 984 1915 pudoris

146 1940 299 2004 Funera!
321 1945 409 2004 nunc
423 1947 496 2006 toto
510 1942 656 2006 fatorum
677 1945 814 2025 ignarus
828 1943 864 2006 in
879 1936 961 2005 orb'o
982 1974 985 1979 ·

146 2049 272 2132 Magne
287 2071 388 2132 paras
404 2052 508 2128 acies,
523 2054 708 2138 mundique
722 2058 874 2120 extrema
894 2057 1045 2117 tenentes

147 2160 320 2227 Sollicitas
334 2181 442 2243 reges,
459 2182 536 2225 cum
551 2164 667 2228 forsan
681 2165 809 2228 loedere
829 2169 945 2228 nostro

145 2270 225 2334 Jam
239 2272 301 2335 tibi
316 2273 361 2335 sit
374 2274 544 2355 promissa
559 2275 663 2338 salus.
706 2276 764 2339 Sic
778 2276 878 2351 fatur,
894 2280 929 2338 et
943 2273 1074 2337 omneis
1174 2272 1239 2338 235

145 2379 327 2446 Concussit
341 2389 481 2459 mentes,
494 2386 725 2468 scelerumque
740 2387 875 2450 reduxit
890 2404 1049 2449 amorem.

189 2491 247 2557 Sic
261 2495 321 2556 ubi
336 2494 485 2558 desuetae
505 2495 601 2558 silvis
615 2496 651 2556 in
666 2516 800 2559 carcere
824 2494 942 2559 clauso

242 2650 342 2702 rastas
353 2655 398 2701 mir.
486 2653 702 2716 impugnantibus.
800 2656 847 2698 231
860 2651 898 2698 Et.
980 2652 1028 2698 232
1042 2631 1151 2697 Perieras

145 2793 212 2833 mus;
227 2778 285 2825 citra
294 2795 377 2841 pugnae
388 2779 521 2835 discrimen,
535 2778 560 2824 id
570 2787 614 2834 est,
630 2794 677 2825 non
702 2785 732 2823 tae
746 2783 770 2822 et
783 2777 873 2837 injustae
890 2790 965 2820 causae
982 2779 1106 2835 presunt:
1124 2773 1193 2821 vobis
1207 2790 1235 2823 ns

144 2842 201 2888 belli
216 2843 307 2890 fortuna
321 2852 421 2898 coactos,
436 2844 478 2890 sed
494 2850 576 2903 sponte
589 2843 677 2888 servire
703 2840 776 2888 levior
786 2840 842 2886 fider
852 2839 876 2884 in
885 2854 952 2886 cansa
961 2841 1025 2898 J'nsta
1032 2838 1213 2900 propugnanda?

143 2908 254 2965 paratos?
270 2906 495 2968 Nullodircrimine.]
514 2909 552 2952 lix
569 2907 609 2953 illo
625 2908 677 2952 Vir·
735 2908 790 2951 230.
809 2905 875 2957 Quod
884 2919 925 2962 pro
940 2919 1009 2950 causo
1025 2903 1164 2965 pugnabitis,
1179 2901 1235 2965 δια]

146 2969 209 3030 gilii:
228 2969 280 3016 Tros
292 2970 400 3034 Tyriusm
410 2972 466 3017 milri
476 2971 540 3017 mullo
550 2971 677 3018 discrimine
702 2969 738 3015 lta
748 2976 810 3015 recte
820 2970 865 3014 Ms.
878 2968 931 3014 Non
943 2968 988 3013 alia
999 2982 1069 3013 causa
1078 2980 1121 3012 vos
1131 2966 1237 3013 hostibus

144 3042 233 3097 agetur.
249 3035 303 3080 Hoo
315 3051 350 3093 ne,
362 3036 443 3095 inquit,
461 3036 560 3081 orandus
576 3042 612 3081 ast
628 3037 678 3082 Cae·
702 3033 832 3093 ignaviores
842 3031 905 3086 estis,
911 3046 978 3092 quam
987 3032 1049 3092 quod
1057 3030 1236 3091 jastnmbdlun

145 3113 190 3155 sar,
201 3105 227 3144 ut
238 3114 280 3144 nos
289 3100 333 3145 sihi
350 3100 437 3146 servire
452 3099 560 3158 patiatur,
577 3099 619 3146 hac
630 3100 678 3146 sola
703 3097 791 3158 geritis.
807 3113 859 3142 nam
873 3096 926 3142 illos
938 3097 1026 3142 scelera
1036 3096 1159 3142 obdurant.
1171 3094 1236 3143 (ἕνα.

144 3163 204 3222 lego,
221 3179 251 3210 ne
266 3165 347 3210 durius
364 3179 407 3210 vos
423 3164 573 3224 Pompeianos
589 3165 678 3218 lrabeat,
735 3164 790 3211 ast.
807 3162 850 3208 Seu
867 3159 973 3271 aerioma
1006 3160 1044 3205 lta
1066 3159 1237 3207 emendavimus

145 3242 212 3285 quam
224 3227 365 3276 Caesarianos
382 3229 451 3275 suos?
467 3229 527 3274 Nam
544 3228 637 3287 alioqui,
651 3236 678 3274 nt
701 3242 744 3286 pro
755 3225 792 3272 Et.
811 3228 854 3272 Est
864 3226 952 3271 enimi
974 3223 1079 3287 υποφοςῖι.
1098 3220 1164 3299 Grot.
1177 3222 1236 3271 Prot

144 3292 236 3338 Tacitus
247 3292 330 3354 inquit,
347 3293 511 3340 recentissimus
528 3293 619 3352 quisque
633 3307 677 3339 ser-
701 3292 761 3348 dira,
773 3289 829 3351 dra]
847 3290 960 3350 Epilogus
970 3296 1060 3335 constat
1069 3288 1185 3362 pathetica
1195 3304 1235 3337 ax·

143 3357 522 3407 mrnmetconservisludibmomt.
540 3356 644 3403 Grotius.
702 3355 837 3402 clamatione
860 3355 886 3401 iu
902 3354 1037 3401 detestanda
1055 3367 1121 3414 pacis
1139 3352 1235 3408 redsa,

177 3425 232 3471 219.
251 3421 354 3468 Dromo
371 3439 462 3484 qaoque,
482 3420 539 3482 dra]
550 3422 633 3477 Nobis,
653 3428 678 3468 ut
702 3435 752 3480 quae
764 3419 898 3466 amilitibns
907 3421 1034 3466 seabsente
1045 3417 1172 3465 omnhorte
1179 3416 1236 3465 inin

144 3487 212 3531 modo
223 3495 278 3532 nota
289 3489 319 3533 ad
329 3502 364 3533 vs.
373 3490 427 3535 205.
469 3528 476 3537 .
700 3492 763 3535 aaut.
781 3484 847 3531 llort.
860 3483 922 3529 Proh
933 3484 993 3537 dira,
1010 3481 1067 3543 δια]
1083 3480 1148 3529 Prolr
1161 3482 1234 3543 puda-

178 3552 233 3596 221.
251 3549 304 3596 Non
320 3552 360 3598 loc
374 3553 449 3598 eim'lia
465 3548 595 3611 dedaste]
614 3551 676 3596 Red-
701 3565 750 3593 rem
759 3548 899 3596 extinctum!
917 3548 1028 3594 Prudent.
1047 3546 1135 3601 Quinte
1143 3546 1236 3607 pudoris

144 3613 180 3658 dit
189 3629 280 3660 caueam
288 3615 391 3663 civilium
399 3617 525 3664 bellorum:
537 3623 575 3661 aut
586 3621 613 3660 ut
621 3632 676 3676 pug-
693 3611 779 3675 sionem
787 3613 896 3674 perderet.

143 3679 218 3724 nando
228 3679 353 3726 moriantur
360 3697 368 3740 3
376 3689 417 3727 aut
428 3681 527 3727 uictores
536 3695 599 3726 suam
606 3680 677 3727 liber·
734 3680 788 3726 933.
807 3677 935 3738 standique
944 3684 1049 3730 extreme,
1060 3672 1118 3736 Sto]
1135 3674 1200 3721 Durn
1210 3680 1235 3721 tn

143 3748 212 3788 tatem
223 3743 344 3790 retineant¹
362 3744 465 3792 Homerus.
701 3741 1007 3796 externssolicitusanxilia,
1018 3737 1235 3801 nosjuratiinaan·

178 3809 233 3854 Μ.
252 3805 380 3864 Trahimur,
391 3809 447 3871 δια]
460 3811 487 3856 ln
494 3809 629 3856 servitutem
636 3811 676 3856 ab·
701 3821 748 3852 sam
758 3814 820 3853 tuam
831 3806 915 3853 milites
926 3812 949 3851 te
957 3805 996 3851 hic
1011 3802 1139 3865 prodimur,
1151 3802 1233 3851 vitem·

143 3870 257 3926 ducimur,
268 3872 393 3929 prodimur.
555 3894 558 3901 ·
700 3887 744 3930 que
756 3879 818 3918 tuam
828 3886 880 3916 cunr
890 3871 957 3916 hoste
967 3868 1113 3931 paciscimur.

175 3938 231 3985 223.
250 3934 302 3982 Nou
319 3937 431 4001 chalybem
444 3935 540 3999 genua]
558 3937 676 3993 Quorsum
733 3939 788 3984 236.
804 3935 960 3996 &clerumque
997 3932 1087 3980 relaxit
1118 3928 1235 3995 mmm]

142 3999 196 4055 tela,
206 4000 273 4056 muri,
290 4001 395 4049 bellicosi
406 4003 468 4062 equi,
480 4003 580 4060 classes3
596 4003 616 4048 si
634 4003 675 4048 ho·
700 4000 761 4046 Belli
773 4008 796 4048 at
807 3999 910 4047 scelestae
921 3997 992 4045 caedis
1003 3998 1097 4059 civium,
1116 3996 1152 4051 sio
1162 4002 1236 4071 terror

140 4065 229 4111 uastius
239 4065 368 4112 libertatem
378 4083 420 4127 pro
431 4081 488 4126 pace
499 4067 596 4121 tradere,
608 4082 676 4126 quarn
700 4065 790 4113 oblutus
802 4081 816 4111 a
830 4065 942 4121 ducibus3
958 4060 1127 4110 crudelitns'in
1145 4060 1234 4121 suppli-

140 4130 209 4176 armis
222 4129 280 4176 tueri
292 4130 379 4177 liceret.
396 4130 491 4177 Ponitur
491 4130 606 4193 fugiente,
617 4130 673 4192 δια]
699 4129 745 4184 cio,
760 4146 817 4176 vana
827 4129 908 4188 reilgio
924 4126 1082 4189 jurisjurandi,
1093 4140 1161 4186 spem
1174 4140 1234 4187 proe-

87 4200 95 4213 ‘
141 4194 238 4241 Ponitur
250 4195 369 4242 recondito
379 4195 403 4241 in
413 4192 508 4249 fodinis,
520 4196 580 4254 apud
591 4195 646 4241 Chal
649 4212 674 4254 y·
699 4194 770 4241 santis
779 4193 904 4241 deditionis
914 4191 1016 4246 sustulit,
1026 4192 1161 4250 mentesque
1173 4188 1234 4237 rnili-

140 4260 182 4306 bas
191 4274 246 4320 pop.
259 4261 289 4306 ad
299 4260 354 4306 tlnv.
365 4259 555 4306 Thermodoonta.
699 4264 747 4321 tum
758 4259 879 4312 convertit,
896 4265 920 4305 et
935 4273 984 4303 rem
999 4256 1027 4302 ad
1038 4254 1159 4317 pristinam
1177 4252 1234 4303 betti

174 4327 229 4373 228.
248 4322 558 4386 Hostesnsmpemem,'&o.]
576 4323 674 4370 Cusus
698 4323 810 4371 rationem
819 4323 916 4383 redegit.
934 4322 1063 4375 Commeat,¹
1075 4325 1098 4367 1.
1139 4378 1142 4385 Ι

139 4389 223 4438 milites
235 4396 376 4438 sacramento
391 4389 496 4437 obstricti
511 4388 578 4434 tidem
590 4389 673 4434 sceles-
731 4390 786 4436 237.
805 4387 842 4435 Sic
852 4388 891 4434 abi
900 4386 1002 4443 daneta,
1013 4384 1070 4448 δια]
1086 4384 1168 4432 Veluli
1179 4384 1238 4432 ferm.
