2784 4860
139 319 205 389 184
407 316 473 387 Μ.’
495 318 705 388 'ANNAEI
751 318 995 391 Lucam:
1026 324 1032 333 '

140 494 256 561 Cernit
272 498 395 558 cuncta
408 500 512 571 metu,
528 502 760 580 nocturnaque
774 500 892 564 munia
903 499 989 564 valli
1011 514 1016 521 '
1053 496 1058 507 '
1153 496 1157 503 ’
1175 496 1242 565 700

140 606 308 671 Desolata
323 605 415 686 suga,
431 606 565 687 trepida
580 608 631 670 sic
646 613 757 703 mente
765 609 946 691 profatur:

182 715 352 779 Audendo
368 735 510 796 magnus
525 717 646 797 tegitur
660 718 779 783 timor:
801 738 896 783 arma
910 736 1094 803 eapeesm

142 827 224 914 Ipse
240 828 352 911 prior:
377 846 536 909 campum
550 828 649 891 miles
663 827 849 893 descendat
863 831 898 893 in
912 848 1064 912 aequum,

140 941 233 1006 Dum
247 960 343 1003 meus
360 944 432 1003 est:
453 939 584 1002 variam
598 957 731 1022 semper
746 937 828 1002 dant
843 940 915 1003 otia
927 936 1101 1007 mentem(
1193 936 1198 943 ’

140 1050 243 1133 Eripe
260 1050 440 1113 consilium
455 1068 588 1132 pugna:
612 1069 689 1112 cum
704 1048 780 1112 dira
792 1049 953 1115 voluntas
1175 1048 1242 1121 706

139 1162 231 1227 Ense
247 1162 338 1225 subit
352 1179 488 1242 prenso,
509 1160 616 1240 galeae
632 1165 746 1223 texere
761 1160 939 1243 pudorem,

140 1271 228 1352 Quis
245 1271 396 1335 conferre
412 1270 518 1333 duces
532 1270 708 1334 meminit?
731 1272 810 1353 quis
825 1273 974 1355 pendere
987 1274 1142 1342 cmm?
1224 1270 1241 1331 ’.

138 1381 220 1462 Qua
235 1382 337 1456 stetit,
354 1380 432 1443 inde
443 1379 557 1443 iavet:
581 1381 686 1444 veluti
701 1382 816 1446 fatalis
831 1402 945 1449 arenae
989 1362 993 1377 ¹
1046 1454 1050 1461 ,

139 1495 341 1559 Muneribus
355 1511 424 1555 non
438 1492 491 1555 ira
504 1498 602 1555 vetus
618 1511 818 1556 concurrere
832 1494 925 1575 cogit

139 1604 351 1669 Productus:
376 1602 478 1667 odere
492 1621 606 1685 pares.
651 1603 709 1666 Sic
723 1602 827 1679 fatus,
841 1600 971 1687 apertis
1176 1608 1243 1677 710

137 1715 303 1780 Instruxit
317 1714 450 1795 eampis
465 1714 579 1777 acies:
601 1734 705 1799 quem
719 1713 846 1778 blanda
858 1714 982 1781 sunnis
1102 1712 1105 1719 ’

140 1824 337 1906 Deceptura
350 1824 450 1887 malis
466 1823 548 1888 belli
562 1823 697 1888 fortuna
710 1826 851 1907 recepit.

140 1930 232 1999 Nam
247 1935 379 2017 pepulit
395 1933 526 1998 Varum
541 1954 677 2016 eampo,
692 1935 887 2018 nudataque
901 1935 998 2001 toeda
1042 1918 1049 1927 ”

140 2045 252 2127 Terga
267 2045 359 2126 suga,
378 2045 487 2108 donec
503 2048 679 2108 vetuerunt
693 2050 817 2120 castra,
833 2046 971 2111 cecidit.

182 2157 309 2221 Tristia
325 2157 386 2219 sed
401 2161 584 2238 postquam
599 2155 751 2236 superati
765 2155 889 2237 proelia
903 2155 989 2221 Vari
1176 2150 1244 2230 ’715

206 2332 255 2377 700
272 2330 348 2391 Segni.
439 2331 488 2375 700
504 2329 591 2374 rnoeniu.
684 2329 734 2374 703
751 2328 811 2374 miles
827 2344 938 2390 eampum.
1032 2330 1081 2381 705
1098 2333 1178 2400 Erige.
1225 2327 1227 2330 Α

209 2426 220 2451 c
270 2398 318 2442 705
332 2409 423 2456 pugne.
489 2395 538 2440 705
555 2394 619 2440 dunt.
684 2395 732 2440 705
748 2393 856 2454 voluptas.
922 2397 970 2443 706
984 2410 1065 2456 prenw
1080 2405 1111 2447 et.

141 2549 222 2608 eisque
243 2562 285 2594 sna
309 2547 447 2601 detrectare,
469 2544 498 2591 ad
525 2544 677 2591 deiectionem
704 2545 801 2592 interae
812 2560 944 2607 comparare
962 2564 1031 2597 ansus
1046 2550 1099 2607 init,
1114 2558 1141 2599 et
1156 2560 1247 2615 expet

142 2623 256 2673 spectare,
266 2613 311 2659 hue
322 2612 450 2657 solicitatos
460 2626 473 2656 a
484 2609 600 2666 Quintilio
608 2609 678 2666 Varo,
704 2610 760 2656 dere
768 2610 844 2657 utrius
854 2628 922 2658 eausa
930 2614 1016 2671 ,iustior
1031 2615 1070 2663 ait.
1097 2615 1244 2671 Hortensia.

141 2677 182 2739 qni
199 2678 272 2723 inerat
288 2692 340 2722 enm
356 2676 386 2722 iis
404 2674 507 2730 Corfinii,
522 2676 614 2734 jamque
630 2681 679 2721 erat
736 2676 793 2723 708.
812 2675 864 2727 Qua
879 2678 1104 2741 stetit,r'ndefirnet.]
1137 2684 1159 2729 Δ
1177 2686 1245 2745 cuju

141 2757 194 2788 enm
206 2742 259 2787 Atio
272 2742 348 2786 Varo:
366 2741 415 2785 lroee
427 2754 504 2801 seeum
515 2738 636 2784 deliberat.
703 2745 768 2797 parte
783 2740 850 2786 miles
866 2742 938 2796 stetit,
956 2743 990 2789 illi
1006 2745 1059 2804 plns
1078 2746 1159 2804 ova,
1174 2762 1244 2809 qm

173 2809 230 2853 707.
248 2806 357 2851 Aridendo
377 2819 472 2865 mugnus
489 2803 576 2865 tegitur
593 2802 678 2866 timna]
702 2802 744 2858 illi,
755 2803 785 2848 ad
794 2820 860 2863 quem
872 2813 967 2853 ocreatus
976 2808 1048 2855 venit.
1067 2808 1176 2859 Hortens.
1201 2810 1243 2861 Vas

141 2871 278 2918 Audendum
290 2877 326 2915 est
336 2868 423 2928 aliquid
435 2869 460 2915 in
473 2868 560 2928 praelia,
572 2867 640 2914 simul
653 2875 679 2914 nt
704 2868 748 2913 luti
757 2867 842 2933 fatalis
857 2884 930 2916 arene
951 2871 1108 2937 Mummius]
1135 2875 1243 2927 Sicuti!

141 2937 247 2982 timorem
262 2950 336 2980 meum
353 2933 504 2988 dissimulem,
520 2932 588 2978 simul
604 2933 679 2992 suspi·
703 2930 835 2980 muneribus
847 2935 998 2994 gladiatoriis,
1013 2952 1059 2985 non
1069 2937 1150 2985 odium
1160 2948 1202 2989 ast
1211 2942 1243 2991 rt,

141 3000 231 3045 cionem
251 3000 280 3043 de
299 2998 396 3043 militum
412 3012 515 3043 meorum
532 2997 577 3042 fide
594 3003 678 3058 tegam,
703 2997 786 3043 multas
804 2999 926 3046 committit
950 3001 1089 3061 gladiatores
1107 3002 1132 3049 in
1157 3004 1243 3057 letlralo

141 3064 189 3110 imo
201 3062 284 3108 tollam.
319 3061 366 3118 Qui
378 3061 440 3107 enim
451 3063 499 3120 jam
510 3061 584 3107 ociosi
595 3064 678 3108 dueum
704 3076 778 3122 arenre
788 3070 917 3120 certamem
933 3068 976 3113 sed
987 3066 1038 3125 ipsa
1047 3065 1243 3131 pariumnompop

141 3127 231 3175 meritis
239 3134 262 3172 et
267 3126 322 3173 belli
332 3126 407 3173 causis
418 3126 679 3186 expendendiavaeant3
704 3126 758 3172 sitio
771 3134 794 3173 et
805 3129 887 3174 aemula
896 3127 978 3178 virtus.
1221 3178 1238 3187 ,,

142 3208 206 3248 mox,
219 3191 299 3239 armati
317 3199 341 3238 et
356 3191 464 3237 inaeiem
477 3190 593 3251 producti,
608 3192 679 3251 parti-
736 3195 792 3239 711.
812 3193 882 3246 Quem
898 3194 1089 3260 lrlunaeinfuturis,
1104 3193 1165 3259 δια]
1196 3196 1243 3247 cui

141 3259 186 3305 bus
199 3273 256 3318 quas
272 3257 315 3302 sibi
329 3256 456 3315 sequendas
468 3262 621 3314 sumpserunt,
633 3262 680 3304 rta-
704 3256 802 3309 fortuna,
812 3257 889 3318 ipsum
899 3258 1033 3320 deceptura,
1047 3259 1167 3320 principio
1176 3262 1242 3313 favit.

142 3323 207 3378 bunt,
217 3321 282 3368 obliti
293 3336 420 3377 cansarum,
428 3321 520 3374 ducum,
531 3319 574 3366 sni.
703 3337 755 3367 nam
766 3321 865 3380 primum
877 3338 929 3367 ourn
940 3325 1048 3370 Numidis
1064 3338 1176 3384 prospere
1184 3342 1243 3389 pq·

175 3391 231 3435 704.
251 3384 342 3432 Varium
356 3384 469 3446 merrtem]
496 3383 680 3431 Intermissiones
704 3386 776 3442 navit,
788 3387 959 3445 Imperatorque
971 3394 1007 3435 est
1018 3388 1155 3449 appellatur.
1172 3390 1243 3443 ‚hdo

141 3452 233 3498 variant
243 3451 347 3507 consilia,
353 3451 452 3496 maxime
463 3465 505 3510 per
515 3449 616 3509 quietem
625 3465 680 3495 noo-
705 3452 790 3496 Varum
800 3450 897 3511 pepulit,
905 3450 949 3497 &a
963 3451 1052 3499 Blanda
1059 3452 1242 3521 melissum]

142 3522 291 3576 ternumque
299 3515 387 3562 animus
399 3514 559 3574 dubius‚qnod
568 3514 680 3573 optimum
704 3515 817 3560 Alticiens
827 3516 850 3560 in
861 3515 960 3562 futuram
972 3519 1067 3566 caedem.
1232 3552 1240 3577 r

141 3580 203 3626 iaetu
222 3582 261 3635 sit,
278 3595 382 3640 praesens
399 3581 490 3625 tandem
508 3578 589 3639 arripit
603 3579 680 3625 eonsi-
737 3583 793 3626 717.
811 3578 920 3640 Recepit]
939 3581 1046 3641 Excepit,
1062 3578 1145 3644 saluit.
1213 3610 1217 3615 -

142 3644 206 3690 lium.
226 3645 330 3691 Horrena
737 3648 794 3693 713.
812 3642 871 3690 Num
879 3645 967 3705 pertulit
980 3643 1144 3709 l'eruaa,&e.]
1166 3646 1244 3709 Siquis

175 3710 231 3755 705.
251 3708 320 3768 Eripe
337 3709 453 3756 consilinm
469 3706 569 3772 pugna]
586 3707 614 3752 ld
630 3722 680 3752 ree·
705 3707 758 3755 dem
771 3709 893 3769 primume
904 3710 1013 3757 Numidis
1024 3710 1244 3772 eqnnbmfflxx.

143 3772 267 3833 tiusquam
276 3789 368 3835 pugna.
402 3775 528 3833 Sequentia
538 3788 629 3832 querque
639 3772 680 3817 ali·
705 3774 781 3830 eaesis,
791 3773 892 3833 reliquos
902 3774 926 3820 in
936 3781 1011 3821 eastra
1022 3775 1141 3837 eompulr't.
1156 3776 1245 3827 Vara!

142 3843 178 3883 tar
193 3853 260 3897 quam
277 3847 330 3884 ante
348 3839 504 3885 distinximus.
523 3838 579 3884 Vult
594 3836 680 3882 enims
705 3839 793 3884 morin
803 3845 878 3884 eastra
888 3839 1037 3899 adoppidnm
1044 3856 1091 3887 non
1102 3838 1246 3903 airum

141 3917 215 3947 vacuo
224 3901 297 3948 milite
309 3904 408 3962 expendi
424 3918 543 3950 cansarum
551 3905 622 3962 justa,
637 3901 680 3947 du·
705 3902 855 3948 Varianorum
875 3905 938 3950 erede
953 3905 1050 3965 fugavit,
1066 3904 1100 3951 ita
1116 3910 1145 3951 ut
1159 3904 1248 3957 tinans

142 3981 195 4011 eum
213 3966 309 4012 merita:
331 3967 371 4013 ubi
390 3967 413 4013 in
432 3968 481 4012 acie
499 3968 613 4022 steterint,
630 3966 680 4011 hoee
705 3969 786 4014 eastris
796 3970 825 4014 de
837 3968 905 4013 tertia
915 3968 995 4029 vigilia
1009 3969 1102 4017 silentio
1113 3968 1245 4031 uarium

142 4046 241 4077 cessare.
277 4031 379 4077 Probent
396 4033 453 4077 lrane
471 4039 571 4077 nostram
590 4033 680 4090 eonjec·
704 4033 728 4078 in
740 4031 849 4093 oppidum
860 4032 989 4080 reduceret.
1234 4066 1240 4089 ι

141 4096 306 4141 turamMsfP.
318 4096 392 4141 Etiam
405 4096 678 4143 Ms.'1⁸.manusecundn.
737 4101 792 4146 715.
820 4096 902 4142 Tristia
924 4098 961 4145 aed
979 4097 1114 4161 postquam]
1141 4099 1247 4155 Naum

143 4159 245 4207 Grotius.
280 4159 337 4205 Cum
348 4161 400 4206 dira
412 4161 518 4214 uoluntas,
527 4159 582 4220 Sua]
601 4161 679 4217 Quan-
704 4177 764 4208 nuno
775 4161 858 4223 lneipit
869 4161 977 4208 Fortunae
989 4163 1130 4219 ludibrium
1144 4163 1190 4211 lm
1198 4170 1247 4223 m

142 4225 174 4270 do
188 4231 291 4270 statuunt
303 4226 371 4272 tectis
388 4225 471 4284 gladiis
485 4227 514 4271 ad
525 4225 604 4271 hostes
615 4241 679 4271 meos
703 4226 785 4273 transit
800 4228 827 4271 ad
847 4241 946 4286 pugnam
961 4227 1081 4275 adversam
1091 4226 1210 4287 Curionis.
1220 4228 1247 4283 h

138 4288 248 4336 delicere.
282 4287 423 4338 Hortensius.
704 4307 749 4352 qna
768 4291 890 4338 infeliciter
910 4307 956 4338 non
978 4292 1048 4343 modo
1063 4292 1186 4359 pugnavit,
1202 4292 1246 4349 ud

155 4356 232 4406 Ι707.
247 4353 555 4421 Quiscoryerredueer,&e.]
570 4353 679 4415 Qniseor
703 4356 788 4408 rniaere
800 4355 879 4423 periit.
912 4355 1017 4407 Hortata
1125 4372 1154 4417 .,·
