2784 4860
141 364 209 434 336
420 364 473 431 Μ.
512 362 710 432 ANNAEI
755 352 986 432 Lucam·
1012 388 1019 411 ὅ

67 562 74 571 ·
143 538 299 624 Regibus
313 540 473 605 infandus
484 541 582 607 miles
600 540 741 625 premit:
763 524 867 624 inque
880 544 1084 626 parentum,¹

142 650 253 735 Inque
270 652 354 716 toris
370 652 509 715 fratrum
524 658 711 734 posuerunt
725 653 876 715 membra
893 656 1077 715 nocentes:

143 761 242 842 Quos
258 763 364 844 agitat
377 782 507 827 vesana
522 762 632 844 quies,
649 762 827 844 somnique
838 761 1010 825 furentes:
1035 776 1039 781 ·

141 872 379 937 Thessalicam
394 873 509 937 miseri
523 878 661 936 versant
674 873 710 935 in
721 876 861 954 pectore
880 888 1041 954 pugnam.
1184 870 1255 936 765
1269 868 1280 905 ’-

142 982 304 1066 Invigilat
319 984 451 1048 cunctis
470 1002 601 1047 saevum
616 982 741 1057 scelus,
760 1000 922 1064 armaque
936 984 1012 1045 tota

143 1092 260 1159 Mente
276 1096 415 1177 agitant,
431 1094 625 1178 capuloque
641 1112 762 1157 manus
775 1094 916 1157 absente
929 1096 1118 1156 moventur.
1151 1134 1155 1139 -

143 1204 354 1287 Ingemuisse
369 1211 472 1289 putes
484 1225 638 1289 campos,
654 1209 845 1287 terramque
858 1206 1038 1267 uouentem
1056 1246 1060 1253 -

143 1315 335 1401 Inspirasse
352 1317 494 1393 animas,
506 1316 736 1399 infectumque
752 1334 829 1377 aere
843 1318 953 1377 totum

143 1425 318 1505 Manibus,
334 1433 368 1491 et
383 1447 541 1511 superam
554 1426 672 1509 Stygia
691 1425 870 1489 formidine
883 1426 1033 1488 noctem.
1181 1418 1251 1489 770
1269 1462 1275 1471 ·

142 1536 259 1619 Exigit
278 1558 300 1602 a
318 1537 447 1602 meritis
460 1537 586 1601 tristeis
604 1537 749 1601 victoria
763 1555 918 1619 peenas,-

141 1647 319 1732 Sibilaque
334 1653 368 1713 et
381 1648 536 1713 flammas
549 1647 650 1712 infert
663 1666 787 1730 sopor:
809 1647 929 1711 umbra
939 1646 1106 1732 perempti

142 1758 239 1824 Civis
259 1759 374 1824 adest:
398 1780 462 1824 sua
477 1779 647 1844 quemque
662 1759 788 1842 premit
801 1759 938 1823 terroris
951 1759 1078 1840 imago.

142 1870 207 1936 Ille
231 1892 350 1936 senum
369 1873 495 1950 vultrrs,
514 1873 680 1957 juvenum
694 1870 789 1933 videt
801 1869 859 1932 ille
873 1868 1021 1952 figuras:

142 1980 246 2047 Hunc
260 1984 389 2064 agitant
401 1984 484 2048 totis
497 1983 644 2047 fraterna
659 1980 830 2045 cadavera
843 1980 993 2044 somnis:
1009 1984 1014 1995 ’
1181 1979 1252 2045 775
1275 2004 1278 2009 ·
1327 2060 1330 2067 ¹

141 2091 286 2157 Pectore
301 2094 337 2157 in
350 2094 417 2157 hoe
434 2100 532 2177 pater
547 2098 609 2170 est,
629 2111 747 2156 omnes
762 2091 798 2153 in
812 2089 950 2154 Caesare
964 2101 1095 2154 manes.

141 2201 248 2267 Haud
263 2204 350 2268 alios
370 2205 521 2268 nondum
536 2202 698 2286 Scythica
717 2204 882 2283 purgatus
899 2198 936 2263 in
954 2220 1016 2265 ara

140 2311 366 2378 Eumenidum
380 2315 467 2379 vidit
481 2315 594 2379 vultus
615 2310 790 2394 Pelopeus
805 2309 963 2376 Orestes:

141 2423 218 2488 Nec
233 2425 343 2507 magis
359 2426 522 2489 attonitos
537 2425 640 2488 animi
659 2442 795 2487 sensere
814 2424 989 2502 tumultus,

140 2532 228 2598 Cum
243 2534 377 2613 fureret,
394 2533 584 2614 Pentheus3
608 2540 666 2599 aut
686 2554 764 2598 cum
783 2534 939 2614 desisset,
960 2533 1091 2619 Agave.
1179 2539 1248 2605 teo

205 2685 255 2732 764
270 2699 356 2748 wmnaq
364 2683 498 2750 3frnentes:
516 2684 607 2732 canter.
650 2687 699 2733 765
713 2695 811 2747 pectora.
853 2688 902 2739 768
916 2696 1080 2751 putempatat,
1087 2699 1180 2753 piuant.

139 2751 188 2797 769
197 2750 352 2815 infestumque.
410 2753 577 2810 'IIOsuperum
635 2752 785 2799 illmieerir.
845 2755 894 2801 774
896 2753 1010 2817 figuram.
1075 2757 1125 2805 775
1130 2756 1247 2818 pericula.

248 2817 297 2863 778
307 2817 376 2862 rudit.
442 2819 491 2862 780
496 2814 600 2879 jngeret.
666 2818 715 2864 780
725 2825 767 2863 aut
776 2832 828 2864 cum
838 2818 943 2876 dearum,
950 2819 1136 2869 autumem.

172 2930 230 2974 767.
248 2927 380 2985 Parentum,
397 2926 468 2990 inque
487 2928 551 2974 toris·
551 2918 678 2994 fratrum]
705 2929 788 2976 derint.
821 2932 867 2979 Sed
879 2949 936 2994 quas
946 2932 1246 2997 paenituerinttpmu·

141 2992 258 3038 Caesarum
270 2999 311 3038 aut
319 2994 456 3053 fugatorum.
704 2994 746 3040 tim
757 2995 833 3042 infert.
852 2996 958 3046 Hortens.

173 3059 230 3104 763.
249 3055 375 3122 Nocentes]
393 3055 652 3119 Seelemti,parricidae.
737 3062 792 3108 tta.
811 3060 923 3125 Sibilaque
934 3062 1073 3128 etflnmmas,
1087 3062 1145 3127 dte]
1161 3064 1245 3129 Iitpu

173 3125 230 3172 764.
250 3122 309 3175 Qum
325 3123 406 3185 agitat,
424 3120 482 3184 dre]
504 3122 678 3170 Dormientibns
705 3125 817 3171 somnium
829 3134 1022 3187 representantur
1031 3126 1061 3174 iis
1070 3128 1149 3177 Furiae
1167 3128 1254 3179 iuten-'

141 3187 679 3248 horrendaporquietemobjieinntnrsomnia:
704 3195 779 3236 tantas
802 3191 910 3251 vipereos
933 3192 1098 3254 sibilantesque
1120 3194 1199 3243 erines
1219 3206 1248 3245 et

139 3253 221 3299 adimis
231 3254 383 3299 observantur
394 3253 505 3300 seelerata
512 3267 596 3314 pugnae
606 3253 678 3301 Tires-
703 3253 774 3301 iaces.

141 3317 217 3364 saliem
230 3334 298 3364 arrae.
735 3320 792 3366 776.
810 3318 902 3368 Pectore
918 3320 944 3367 iu
959 3320 998 3368 Iroe
1011 3329 1079 3383 pater
1093 3322 1146 3401 est]
1164 3324 1247 3387 11qu

173 3385 230 3433 tas.
248 3382 356 3446 Invigilat
375 3383 461 3429 curete
481 3397 562 3428 seuram
586 3381 679 3445 scelus]
703 3384 1151 3449 menttohvsrsnnrumbnpurisoen.
1164 3388 1245 3437 Onnes

141 3447 257 3495 Scelerum
268 3447 409 3494 conscientia
417 3447 613 3505 vexantur-,etiam
623 3447 677 3493 dum
702 3447 929 3516 irrCaesoremanerJ
954 3452 1244 3503 Omnesonntmmm

140 3513 262 3559 dormiunt.
280 3512 361 3573 Srrlpit.
702 3512 939 3563 territentcaesnem.

172 3581 228 3627 767.
247 3576 388 3640 Menenium]
405 3578 478 3638 Quasi
497 3577 613 3625 vibrantes
629 3576 677 3638 gla-
735 3581 792 3626 777.
811 3578 945 3629 Haudolios
953 3582 1052 3629 madian
1059 3580 1245 3649 Sqtdiee,&e.}

140 3640 213 3698 dium,
230 3658 296 3703 quem
309 3649 384 3690 tamen
396 3658 441 3689 non
453 3650 539 3690 tenent.
704 3642 811 3698 Qualiter
833 3644 1022 3708 Agamemnoniis
1045 3646 1117 3694 xta&
1141 3648 1245 3713 agnatus

173 3710 229 3754 768.
254 3706 389 3769 Ingemuisse
407 3717 472 3768 putes
498 3722 592 3768 campos,
619 3705 677 3771 dee]
705 3706 790 3755 &estes
809 3706 925 3756 Arnrntam
934 3708 1030 3774 sucidae
1046 3718 1141 3758 muas
1160 3720 1244 3763 etm-

139 3773 234 3818 Terram
249 3773 334 3833 gemitu
350 3773 436 3818 animas
447 3774 551 3820 emisisse
561 3772 677 3828 crederes,
701 3773 804 3833 pentibus
817 3776 873 3820 auis
888 3773 1027 3841 Cumfirgit,
1040 3776 1174 3839 priusquim
1190 3794 1244 3827 ors-

140 3844 208 3897 atque
219 3838 310 3883 umbras
323 3842 346 3882 et
361 3852 439 3883 manes
450 3854 491 3900 per
502 3853 577 3884 aerem
589 3836 678 3896 superi·
704 3836 757 3884 aulo
767 3838 867 3885 monitus
876 3839 995 3888 Tauricam
1003 3840 1103 3888 Dianam
1112 3840 1138 3889 in
1146 3842 1245 3905 &pltris

140 3903 188 3947 oris
203 3901 357 3962 hemisphaerii
378 3903 484 3949 infamali
504 3910 591 3950 terrore
614 3908 678 3948 tene·
703 3908 802 3963 peteret,
816 3903 881 3950 ubia
901 3920 978 3952 sorore
988 3904 1112 3968 Iphigenia
1126 3908 1186 3955 Deae
1202 3922 1242 3957 ss·

139 3967 233 4012 brosnm
245 3967 362 4012 volitasse.
649 3984 653 3989 ·
704 3968 798 4014 eerdole
815 3968 910 4029 agnitus
929 3969 1083 4031 expiatusque
1094 3976 1148 4019 est:
1164 3972 1243 4037 plass-

172 4032 229 4078 ⁷69.
247 4030 387 4095 inaurasse]
410 4033 548 4095 Inspirando
563 4030 677 4077 emisisse.
704 4032 855 4092 tarquefnrire
867 4033 1142 4097 Eumenideseppdlsie.

172 4099 228 4143 770.
245 4095 354 4156 Superum
368 4096 472 4158 nortem]
489 4098 605 4143 Tenebras
623 4111 678 4141 nne·
735 4098 792 4143 778.
811 4097 917 4160 Pelopeus
928 4099 1035 4163 Orestes]
1051 4099 1148 4163 Pelopis
1158 4106 1255 4167 nepm'

139 4167 218 4208 larnai
238 4161 311 4207 nostri
332 4160 485 4221 hemispherii
505 4162 584 4222 plenas
604 4160 677 4207 fnisse
736 4163 793 4212 779.
811 4160 860 4210 Nec
874 4166 1066 4229 mugisattonitot,
1081 4162 1141 4231 dte]
1158 4164 1243 4225 Eng-

138 4225 310 4282 territamentis,
333 4234 357 4272 et
378 4227 488 4273 malornm
507 4228 636 4272 daemonum
654 4232 678 4272 et
703 4227 783 4273 nidum
799 4227 871 4275 veluti
886 4230 974 4277 demens
994 4231 1165 4295 utu-agauno
1179 4230 1255 4281 Psa-¹

139 4292 247 4339 furiarum
259 4291 402 4338 oronrsibns.
421 4291 503 4352 Sulpit.
703 4291 775 4348 thena,
791 4292 835 4339 &a
854 4292 948 4342 AEneid.
959 4300 980 4345 d.
991 4294 1077 4357 virgil.

170 4361 228 4404 771.
247 4356 323 4419 Erigit
333 4357 450 4414 amerius,
467 4354 524 4418 dtu]
541 4353 615 4415 Quasi
626 4354 677 4423 (Jae-
734 4360 792 4406 780.
809 4356 857 4405 Aut
873 4374 925 4406 cum
935 4360 1031 4416 tainu,
1046 4358 1145 4425 Apes]
1160 4352 1243 4413 Ilib-

140 4423 274 4483 sarianipro
284 4421 381 4471 victoria
392 4422 445 4469 Diis
456 4420 677 4484 marapmnasde·
704 4420 738 4484 git
754 4422 787 4469 H.
806 4422 911 4484 Grotius,
927 4424 971 4473 loe
985 4436 1076 4473 sensns
1092 4426 1149 4475 Nu
1166 4426 1255 4493 agis
