2784 4860
453 300 695 417 uncant
739 348 851 415 ern.
889 348 920 413 1.

138 523 283 607 Magire,
300 525 402 606 atque
417 522 527 586 oculis
541 524 711 606 lacrymas
725 521 897 585 effundere
909 519 1026 602 nigris,

138 635 325 700 Confectus
341 636 645 718 macie,‘tanquam
659 635 720 716 qui
735 633 864 717 pabula
876 632 972 698 nulla
1044 687 1048 691 .
1124 683 1126 685 .
1220 646 1226 669 ἐ

138 748 322 812 Gustasset
334 766 493 810 moerens.
509 752 590 829 post
603 746 781 830 majestate
797 744 924 808 decora
951 795 954 801 .

138 856 284 934 Incedit,
301 858 457 940 quamvis
472 858 602 940 pultato
617 855 759 920 foemina
773 854 869 918 cultu

138 967 319 1050 Turrigero
334 969 468 1032 laceros
484 967 658 1030 effundens
673 965 800 1029 vertice
816 963 937 1040 crines,
976 1017 980 1022 .
1060 1014 1064 1021 .

139 1075 254 1159 Atque
269 1083 444 1141 catenatos
458 1077 600 1140 tendens
616 1081 696 1159 post
708 1079 804 1154 terga
817 1073 975 1137 lacertos.

138 1185 239 1262 Tum,
254 1188 348 1250 velut
360 1185 482 1265 inferni
497 1186 669 1269 plorarent
683 1203 819 1248 carcere
835 1182 970 1259 Manes,

139 1294 262 1378 Erupit
276 1296 388 1359 subito
403 1295 545 1358 tumulis
556 1293 777 1377 lacrymabile
792 1311 939 1356 murmur
976 1314 980 1351 :
1011 1335 1013 1338 ψ
1064 1348 1068 1353 ,

140 1404 196 1468 Ex
211 1406 300 1480 imis,
317 1404 428 1468 scindi
442 1405 570 1486 regalia
585 1403 768 1467 Mausolea
784 1458 787 1462 .
892 1458 896 1463 .

138 1513 248 1590 Vidit,
266 1520 299 1578 et
313 1519 432 1596 erupto
446 1492 671 1578 Ptolemaeum
685 1514 785 1579 exire,
794 1512 976 1597 sepulchro

138 1623 303 1705 Lagaeum
318 1625 439 1706 primo,
454 1624 604 1706 reliquos
619 1623 708 1687 hunc
724 1623 841 1688 ordine
854 1631 952 1706 reges
1071 1666 1075 1671 -

139 1730 237 1796 Pone
253 1734 362 1815 sequi,
378 1735 510 1797 miserae
526 1733 678 1797 crudelia
691 1733 764 1797 fata
778 1738 959 1815 gementes.

140 1841 209 1906 His
225 1863 305 1906 vero
322 1843 483 1906 attonitus
499 1844 583 1906 visis
599 1842 808 1908 Ptolemaeus
821 1842 882 1930 (ab
897 1845 990 1909 omni

139 1951 232 2016 Nam
248 1954 379 2034 gelidus
394 1954 526 2036 trepido
541 1955 694 2019 manavit
707 1973 850 2038 corpore
863 1953 994 2042 sudor)
1026 2002 1048 2018 ,.

140 2063 299 2127 Excusso
316 2084 436 2128 somno
451 2066 615 2148 templum
630 2066 864 2149 circumspicit
877 2084 988 2144 omne,

139 2171 240 2237 Talia
256 2175 422 2239 Divorum
436 2194 591 2257 quaerens
603 2182 757 2256 ostenta;
781 2177 842 2240 sed
856 2177 919 2242 illa
941 2200 944 2223 2

141 2281 229 2362 Quae
246 2287 343 2361 vidit,
360 2288 499 2363 clausis,
515 2272 626 2351 oculis
639 2307 709 2352 non
722 2288 960 2371 viditapertis.
1068 2336 1070 2340 ι
1194 2334 1220 2344 12
1274 2358 1279 2381 Ι

138 2394 288 2478 Jamque
304 2397 500 2460 sacerdotes
514 2399 861 2475 veniunt,-et-somnia
876 2397 983 2482 Regia
1003 2429 1006 2436 ·
1035 2446 1039 2451 -
1118 2443 1121 2447 -

139 2503 270 2568 Audita
283 2506 467 2582 horrentes,
483 2507 561 2571 hinc
577 2509 793 2574 lamentabile
807 2509 925 2588 fatum,

141 2614 253 2698 Atque
269 2618 552 2699 propinquantem
567 2620 662 2701 regni
677 2620 793 2683 dixere
806 2621 938 2684 ruinam

141 2725 281 2791 Niliaci.
298 2733 369 2790 tum
384 2729 462 2793 Diis
478 2731 597 2812 patriis
612 2732 805 2809 lustrantur,
821 2737 855 2795 et
869 2746 946 2797 aras

141 2837 331 2902 Incendunt
344 2841 445 2931 rotie.
462 2841 523 2905 sed
539 2841 598 2904 Dii
613 2842 774 2925 propiore
788 2829 887 2927 ruine

140 2947 202 3025 Te,
219 2950 416 3026 Ptolemaeo,
432 2957 595 3034 prement.
613 2971 726 3030 casua,
741 2951 949 3029 miserande,
959 2950 1090 3018 futuros
1153 2988 1165 3004 ·-

142 3059 234 3124 Dum
249 3063 369 3143 patriae
385 3067 508 3138 narrat,
529 3063 619 3126 celat
632 3068 692 3126 tua
704 3063 777 3126 fata
790 3058 941 3146 Serapis.

185 3171 319 3234 Interea
333 3171 448 3234 valido
465 3171 680 3236 Mithridates
696 3174 828 3255 agmine
842 3193 952 3257 nuper

141 3281 208 3346 Per
224 3280 369 3347 Cilicum
384 3283 533 3366 populos
549 3282 725 3366 Syriaeque
739 3289 891 3349 extrema
905 3290 1039 3362 coacto,

141 3392 197 3457 Ad
213 3393 430 3456 Pelusiacam
444 3413 632 3476 properans
646 3400 846 3477 pervenerat
858 3415 984 3474 arcem,
1016 3473 1019 3478 .

142 3503 230 3582 Quae
245 3504 388 3568 viridem
402 3503 589 3587 AEgyptum
604 3503 712 3588 Syriae
729 3505 939 3583 distenninat
952 3508 1055 3573 arvis.
1178 3548 1182 3556 -

141 3614 235 3678 Nam
249 3620 321 3677 tota
336 3614 505 3697 AEgyptus
521 3615 678 3679 claustris
692 3616 822 3684 munita
836 3616 971 3680 duobus

141 3725 288 3804 Nititur;
312 3744 491 3788 accessum
505 3725 689 3808 prohibens
704 3716 767 3790 arx
780 3727 847 3791 ista
862 3727 1065 3811 pedestrem,
1095 3767 1099 3774 -
1156 3752 1158 3757 ·

142 3833 190 3900 Ut
205 3835 337 3898 Pharos
354 3854 561 3918 aequoreum.
576 3836 661 3900 tanti
676 3841 755 3901 sunt
768 3837 896 3902 moenia
909 3837 1014 3920 regni
1046 3874 1047 3877 π

142 3945 211 4010 Sed
225 3966 294 4009 non
309 3948 480 4028 egregium
495 3948 632 4043 omnino
648 3945 790 4013 Pelusia
804 3948 954 4013 tardant

142 4057 301 4121 Claustra
315 4057 459 4123 Ducem.
474 4077 543 4122 una
558 4058 632 4122 dies
647 4070 827 4143 arcemque
841 4064 1016 4144 expugnat
1030 4064 1065 4126 et
1075 4060 1213 4126 urbemzss‘

142 4167 227 4233 Inde
242 4169 331 4252 rapit
346 4169 448 4236 celeri
464 4168 679 4236 Mithridates
693 4170 837 4253 agmine
842 4188 990 4249 cursum,
1084 4218 1094 4221 „
1144 4171 1179 4216 ³
1193 4160 1240 4217 ῑῗ

142 4280 185 4345 Et
201 4300 238 4346 se
255 4279 423 4348 Caesareis
438 4279 609 4367 properat
613 4279 819 4367 conjrmge're
833 4281 966 4348 castris.
1056 4340 1066 4350 ,,
1089 4322 1107 4327 =-
1130 4320 1171 4330 ·-
1183 4290 1203 4325 ”²
1213 4320 1238 4328 ·-
