2784 4860
351 333 573 403 orvrms
616 333 793 405 neum
836 333 1028 405 meu.
1122 304 1127 309 ’
1176 338 1181 355 ·

139 510 172 576 Α
186 509 314 577 famulo
329 507 529 593 Ganymede
543 508 634 574 dolis
647 510 859 592 pervenitad
872 511 990 577 hostes
1066 522 1086 533 ”
1123 500 1130 511 ’

140 600 288 689 Caesaris
303 620 471 690 Arsinoe:
492 638 572 703 qum
586 626 701 684 oestm
713 621 865 692 carentia
881 633 960 704 rege
1068 633 1073 643 ’
1172 628 1186 665 ²

141 733 189 798 Ut
204 732 323 796 Proles
339 731 456 812 Lagea
469 731 571 806 tenet,
586 727 819 814 famulumque
832 730 983 814 Tyranni
1040 741 1065 769 ⁷'
1174 726 1198 747 ”
1220 772 1231 820 ·.

139 843 339 907 Terribilem
356 833 925 926 jusm'transegitnchinea‘fenoi
983 833 985 836 Α

139 953 269 1030 Altera,
284 953 423 1034 Magne,
439 953 514 1015 tuis.
524 948 599 1036 jem
613 951 753 1016 uictima
765 950 907 1014 mittitur
919 950 1060 1018 umbris.
1141 965 1143 969 ’
1161 951 1163 953 ’

140 1063 217 1129 Neo
232 1064 317 1128 satis
329 1063 400 1127 hoc
414 1058 686 1145 Fortuna-potet.
700 1056 827 1144 ‘procu
841 1061 944 1141 absit,
957 1067 997 1128 ut
1008 1063 1088 1131 istu
1139 1075 1142 1080 ’

140 1173 313 1239 Vindiotae
329 1173 615 1238 sitsumm'otuae.
629 1166 698 1236 non
712 1165 976 1256 lpsetyraunus·
1031 1185 1040 1202 “·
1165 1195 1168 1205 “
1220 1182 1223 1186 ’

141 1285 276 1350 Sufficit
290 1286 326 1348 in
340 1297 559 1368 poenas‚'non
573 1277 684 1347 omnis
703 1280 908 1365 regio‘Legi.
979 1295 982 1299 ’

140 1397 233 1462 Dum
247 1395 350 1481 patrii
363 1396 500 1460 veniant
514 1395 549 1458 in
563 1394 701 1459 viscera.
711 1393 860 1458 Caesaris
874 1413 986 1484 essee,

141 1503 290 1586 Magnus
305 1503 432 1567 inultus
448 1505 520 1569 erit.
536 1504 598 1568 sed
611 1523 680 1566 non
695 1509 833 1568 auctore
847 1503 971 1570 furoris

142 1615 285 1680 Sublato
302 1615 426 1679 cecidit
439 1615 574 1680 rabies:
596 1635 675 1680 nam
690 1615 856 1691 rursusin
870 1633 965 1679 armo
1013 1671 1015 1674 ,
1076 1667 1079 1670 -
1112 1655 1129 1684 -·.

142 1725 320 1809 Auspiciis
337 1724 547 1812 Ganymedis
562 1730 660 1790 eunt:
684 1744 725 1790 ae
740 1725 848 1790 multu
862 1725 1014 1790 secundo
1037 1724 1040 1729 ’
1093 1750 1096 1757 ·

141 1834 271 1901 Proelia
286 1811 539 1918 Marte‘gerunt.
554 1836 667 1918 potuit
680 1835 874 1920 discrimine
891 1823 1041 1923 summo>
1118 1823 1125 1830 ⁸

141 1945 291 2011 Caesaris
305 1965 374 2009 une
390 1944 463 2010 dies
478 1946 515 2009 in
528 1945 666 2024 famam,
682 1949 717 2010 et
731 1946 850 2012 secula
863 1943 961 2011 mitti.

185 2055 291 2120 Molis
305 2057 342 2118 in
357 2057 491 2137 exiguee
507 2056 620 2140 spatio
636 2056 841 2140 stipantibus
855 2057 969 2135 ermis,

142 2167 235 2231 Dum
248 2172 347 2250 paret
360 2167 395 2229 in
409 2185 541 2231 vacuos
556 2166 702 2233 Martem
710 2167 894 2232 *mansione
909 2169 1044 2236 carinas
1133 2191 1137 2198 ·

143 2277 226 2340 Dux
241 2276 371 2353 Latius,
387 2280 460 2340 tota
475 2277 579 2340 subiti
594 2277 777 2344 formidine
788 2278 879 2342 belli·
897 2304 899 2308 ¹
928 2302 930 2308 ⁸

143 2387 314 2470 Cingitur:
337 2387 416 2450 hine
432 2387 547 2451 densae
562 2391 755 2471 praetexunt
768 2388 881 2452 littora
895 2388 1036 2466 classes,

144 2498 236 2562 Hinc
251 2503 345 2580 tergo
360 2499 523 2562 insultant
537 2500 693 2592 pedites3
713 2499 772 2563 via
785 2479 885 2584 nullo*
893 2499 1033 2564 salutis:

142 2675 359 2732 532nullmmulto.
408 2677 457 2724 534
468 2673 538 2722 Solus
581 2673 823 2738 .53¹iem'grw,esilio.
873 2672 1008 2723 sessuro.
1056 2673 1240 2734 terpretetur.

143 2812 681 2874 emmpossessionemregnisperons‚odthil·
706 2812 826 2860 tentionem
838 2813 968 2873 Pompeio3
985 2820 1055 2874 caput
1069 2827 1151 2873 nempe
1167 2813 1241 2873 ipsius

144 2878 190 2924 leur
207 2894 233 2924 se
252 2893 283 2925 ex
299 2877 363 2938 regis
379 2878 478 2937 trajecit,
494 2893 583 2938 unoque
594 2877 681 2925 bellum
705 2879 768 2937 regis
778 2877 907 2933 Ptolemaei,
919 2879 981 2938 quod
997 2878 1116 2924 victimam
1132 2876 1241 2938 Pompeii

143 2942 302 2989 administrare
312 2943 388 3004 erepit.
399 2943 440 2988 sed
449 2948 499 2988 orta
506 2941 612 2988 celeriter
620 2943 681 2988 inter
705 2941 792 2988 umbris
803 2943 896 3002 dignam
907 2958 949 2989 suo
960 2957 1023 2989 more
1033 2943 1160 2989 arbitretur.
1181 2941 1242 2988 Hor·

144 3022 185 3053 eoo
196 3008 226 3053 de
236 3007 367 3067 principatu
378 3006 543 3063 controversie,
553 3021 605 3052 cum
622 3008 681 3054 ulter
706 3007 798 3053 tensius.

144 3071 211 3117 elteri
218 3071 373 3127 insidiaretur,
381 3078 405 3117 et
412 3086 523 3117 sommam
530 3070 623 3131 imperii
629 3071 680 3132 ipse
738 3071 794 3118 528.
811 3068 874 3116 Dum
882 3072 953 3131 putri,
965 3070 1022 3135 &c.]
1040 3072 1120 3118 Doneo
1130 3069 1181 3129 ipse
1190 3070 1241 3116 Cer-

144 3135 248 3182 obtinere
260 3137 344 3195 vellet;
360 3141 506 3195 praeoeoupst
525 3135 623 3182 Arsinoe
638 3151 681 3196 per
706 3149 766 3182 earu
776 3135 879 3195 partibus
895 3135 964 3182 Rom.
976 3136 1000 3182 in
1014 3135 1079 3182 curio
1093 3135 1161 3181 cudat
1171 3134 1241 3182 Pom·

145 3200 301 3259 Ganymedem
312 3200 448 3256 eunuchum,
465 3199 588 3246 nutricium
606 3215 680 3257 suom,
705 3199 754 3259 peii
770 3199 982 3246 manibusvictimu.

145 3272 214 3324 etque
227 3265 339 3310 Achillam
356 3264 473 3325 interficit
490 3265 550 3312 Coos.
563 3264 681 3312 comeir.
739 3265 794 3313 529.
811 3261 1080 3328 Auctorefitrmis,&o.]
1097 3262 1242 3309 Aebillccoe-
1330 3293 1334 3301 ·

145 3329 201 3374 bell.
212 3331 235 3375 3.
246 3336 270 3374 et
280 3328 373 3374 Hirtius
384 3334 408 3376 4.
707 3342 741 3384 eo,
752 3326 851 3374 Arsinoe
862 3329 911 3375 sine
921 3329 968 3375 ullo
977 3329 1042 3376 socio
1053 3335 1077 3373 et
1087 3327 1184 3374 custode
1193 3343 1241 3373 rum·

178 3395 233 3439 521.
251 3392 364 3454 Arsinoe]
386 3393 445 3440 Filio
461 3391 583 3439 Ptolemaei
597 3391 681 3449 minor,
707 3408 736 3438 ne
747 3392 869 3452 imperium
886 3392 1013 3450 obtinebat,
1030 3391 1146 3440 exercitus
1164 3392 1242 3453 Gany·

144 3457 251 3505 Arsinoe.
707 3456 771 3503 medi
781 3457 886 3503 traditur.
903 3457 966 3504 Hirt.
977 3462 1000 3504 4.
1013 3473 1072 3503 com.

177 3523 234 3572 522.
252 3519 443 3582 Achilleaferro]
452 3521 605 3567 Accusativns
616 3523 681 3567 Groe·
740 3523 796 3569 532.
814 3521 893 3568 Potuit
902 3521 1035 3569 discrimine.
1047 3519 1104 3582 dte]
1119 3519 1164 3566 Vel
1172 3535 1242 3567 nuum

145 3601 188 3632 eus
209 3587 238 3631 ub
257 3583 379 3648 Ἀχιλλιύς.
406 3586 444 3632 vel
463 3585 554 3632 Achilla
572 3586 681 3632 nominet.
707 3584 766 3632 illud
777 3585 875 3632 Caesnris
886 3601 974 3632 summo
990 3602 1043 3633 cum
1052 3584 1184 3632 discrimine
1195 3585 1242 3632 fee-

144 3651 195 3696 lon.
214 3650 237 3695 in
254 3651 329 3710 prima
349 3650 416 3696 Decl.
436 3656 462 3695 ut
477 3650 575 3696 Xerxes
592 3649 682 3697 Herod.
707 3657 756 3698 tum
764 3650 897 3697 mereturin
910 3649 1199 3711 omneaerumpropegnri.

145 3713 187 3760 lib.
197 3719 219 3761 7.
741 3716 797 3762 534.
815 3713 915 3761 Mollem
923 3717 1015 3778 exigue,
1028 3715 1072 3761 dre.
1090 3713 1154 3761 Dum
1165 3723 1242 3775 porat,

179 3781 236 3827 524.
254 3777 339 3833 Altero,
353 3776 446 3841 illogme,
461 3775 517 3838 dcc]
535 3777 681 3835 Ptolemaeus,
709 3776 765 3840 δια]
783 3779 810 3824 In
822 3794 913 3839 aggere.
932 3779 996 3826 Plut.
1012 3779 1080 3826 (lires
1090 3780 1242 3840 oppugnatio·

146 3845 186 3903 qui
205 3843 274 3904 poulo
290 3843 382 3904 posted
398 3857 453 3889 suos
469 3843 563 3900 elapsus
574 3859 587 3890 e
598 3842 682 3902 proelio
709 3859 761 3890 nem
771 3843 856 3903 pontis.
866 3843 930 3890 Suet.
942 3846 1000 3891 Gaes.
1010 3860 1061 3904 esp.
1078 3846 1117 3890 64.
1129 3844 1184 3889 dum
1200 3843 1244 3890 mi·

144 3908 236 3967 fugiens
253 3914 406 3966 receptusque
423 3907 446 3952 in
462 3906 588 3966 navigium,
603 3922 630 3952 eo
641 3907 683 3954 de·
707 3907 761 3954 lites
773 3907 869 3955 navibus
882 3907 1004 3968 impositos
1020 3907 1126 3968 trajicere
1144 3908 1168 3954 in
1180 3908 1241 3954 Phe-

145 3987 222 4018 merso
242 3971 389 4018 multitudiue
416 3971 580 4025 adnotandum,
604 3971 681 4031 periit.
708 3986 750 4018 ron
760 3978 784 4018 et
793 3986 938 4033 propugnare
947 3980 1046 4032 peruret,
1058 3972 1177 4034 eruptione
1188 3973 1242 4018 bos-

147 4037 210 4082 Hirt.
222 4051 281 4082 eom.
300 4038 324 4081 4,
336 4036 367 4081 do
377 4035 431 4082 bell.
443 4035 513 4081 Alex.
532 4033 601 4097 Regu
614 4037 683 4095 ipsius
708 4036 766 4082 tium
777 4035 853 4083 subita
863 4037 994 4096 compulsus
1004 4037 1028 4083 in
1036 4039 1173 4098 scapham
1183 4037 1242 4084 mul-

146 4115 224 4159 corpus
234 4101 338 4146 obrutum
354 4100 404 4146 limo
413 4108 526 4159 repertum
534 4107 565 4146 est
575 4100 600 4145 in
610 4115 683 4147 auree
708 4100 739 4146 tis
749 4100 914 4162 AEgyptiorum
924 4101 1021 4149 neribus
1035 4100 1162 4163 petitus-in
1178 4116 1242 4148 more

146 4165 220 4210 tomen
238 4164 326 4210 bonore.
344 4164 427 4211 Florus
443 4164 484 4210 lib.
506 4167 530 4210 4.
547 4179 597 4226 cop.
617 4166 639 4212 9.
659 4172 684 4211 et
708 4179 734 4211 se
745 4165 1059 4226 conjecit,uoperdueeotos
1070 4171 1243 4226 possusumus

147 4230 239 4275 Patere.
709 4231 738 4275 ed
755 4243 810 4276 suos
826 4228 900 4277 eruit
914 4229 1044 4287 incolomis,
1054 4231 1114 4278 elets
1129 4229 1197 4286 loevo,
1214 4246 1242 4276 ne

181 4298 236 4342 525.
256 4292 340 4338 Procul
350 4293 413 4342 absit,
429 4291 485 4354 dic]
504 4290 611 4352 Requirit
626 4295 683 4338 Poe·
708 4293 790 4350 libelli,
800 4309 858 4354 quos
867 4295 1131 4352 tenebat,medeliereot.
1142 4292 1244 4351 Hirtius,

148 4368 171 4404 tu
182 4362 289 4418 mojorem
301 4357 425 4411 victimam,
435 4364 482 4403 tum
492 4365 567 4404 autern
579 4365 603 4402 et
613 4373 684 4419 proer-
709 4358 840 4415 Suetonius,
851 4360 996 4416 Plutarchus,
1007 4358 1077 4406 Diod.
1090 4359 1134 4405 dio.
