2784 4860
272 390 279 401 ⁸
342 365 1041 437 ClVllilSssBELLI.L’IB.³·IV.

146 543 272 615 Stricta
285 543 374 626 gelu,
391 542 557 624 terrisque
579 542 638 606 diu
651 561 721 605 non
737 541 880 606 credidit
893 540 1037 606 hostem.

130 634 240 720 'Hinc
257 655 324 719 aevi
338 653 462 718 veteris
479 658 595 717 custos
614 655 750 716 famosa
764 656 930 729 vetustas

145 758 371 847 Miratrixque
388 764 441 828 sui
457 763 606 845 signavit
620 764 755 826 nomine
771 767 896 826 terras.

144 873 214 938 Sed
229 875 362 959 majora
376 875 469 937 dedit
486 871 690 954 cognomina
705 873 851 937 collibus
867 872 955 949 istis,

145 985 294 1050 Poenum
310 987 368 1069 qui
384 985 493 1049 Latiis
507 985 683 1048 revocavit
698 983 741 1046 ab
759 983 894 1046 arcibus
909 982 1043 1046 hostem

144 1097 277 1181 Scipio.
293 1118 372 1161 nam
388 1096 487 1160 sedes
504 1095 636 1178 Libyca
649 1095 767 1158 tellure
782 1081 893 1177 potito
916 1159 918 1169 Κ

145 1208 235 1272 Haec
252 1208 327 1272 fuit.
344 1229 386 1272 en
400 1208 524 1271 veteris
541 1206 650 1271 cernis
665 1204 810 1286 vestigia
823 1203 917 1269 valli.

145 1319 305 1384 Romana
319 1319 382 1383 hos
398 1319 543 1401 primum
558 1317 666 1381 tenuit
679 1315 825 1379 victoria
839 1332 992 1397 campos

184 1419 293 1494 Curio
307 1431 455 1504 laetatus,
472 1434 635 1510 tanquam
649 1427 784 1494 fortuna
799 1425 954 1490 locorum
1242 1501 1243 1504 Ἴ

145 1543 246 1606 Bella
261 1547 365 1623 gerat,
382 1545 559 1622 servetque
574 1540 700 1603 ducum
715 1538 782 1606 sibi
797 1537 869 1605 iata
882 1539 1044 1623 priormn,
1101 1601 1103 1605 ,
1122 1611 1123 1614 ¹
1150 1561 1152 1596 3
1236 1556 1244 1588 ἐ

146 1653 256 1717 Felici
271 1673 340 1716 non
351 1652 470 1715 ‘fausta
483 1652 564 1714 loco
578 1650 723 1714 tentoria
737 1668 880 1731 ponens,
893 1691 896 1696 .
976 1699 982 1722 .

143 1763 292 1828 indulsit
306 1763 439 1839 castris,
457 1766 491 1826 et
506 1761 651 1839 collibus
667 1760 807 1844 abstulit
821 1779 933 1836 omen,

143 1875 381 1956 Sollicitatque
396 1871 487 1936 feros
501 1891 572 1938 non
587 1871 697 1952 aequis
712 1871 842 1937 viribus
857 1871 984 1941 hostes.

144 1984 265 2048 Omnis
281 1983 449 2048 Romanis
467 2003 543 2066 quae
561 1986 711 2045 cesserat
725 1979 844 2046 Africa
859 1981 980 2062 signis,-

142 2095 243 2161 Tunc
257 2093 342 2159 Vari
358 2096 421 2159 sub
433 2094 510 2180 jure
526 2093 609 2158 fuit:
635 2093 693 2174 qui
708 2076 830 2157 robore
847 2112 1042 2179 quanquam

143 2203 303 2272 Confisus
319 2205 431 2283 Latio,
447 2205 536 2290 regis
552 2209 665 2269 tamen
680 2202 829 2286 undique
844 2188 933 2268 vires

566 2395 614 2442 660
632 2393 829 2461 tenuitprimum.
926 2422 928 2427 ·

141 2553 182 2593 ter
190 2543 273 2591 coelum
284 2550 407 2602 etterram,
418 2561 492 2607 neque
505 2544 627 2592 dimissum
635 2545 682 2592 nisi
736 2547 796 2592 661.
815 2543 885 2590 Curio
898 2545 994 2601 laetatus,
1008 2543 1064 2607 &o.]
1088 2546 1160 2594 Radit
1175 2563 1190 2594 a
1208 2547 1245 2596 di.

143 2616 219 2656 morte
227 2611 291 2669 prius
302 2611 422 2671 rigentem.
707 2611 824 2670 gressiano
837 2612 866 2656 ad
880 2609 1017 2659 institutum.

143 2678 235 2724 ..654
253 2674 315 2721 Hinc
326 2677 366 2722 aa*
384 2675 484 2738 valeria]
509 2675 572 2721 Hinc
592 2679 682 2722 veteres
741 2677 797 2721 662.
815 2673 907 2720 Ducum
923 2674 963 2720 sibi
972 2673 1029 2738 sato
1044 2675 1164 2736 pitaram]
1194 2676 1245 2725 Soi-

143 2737 249 2786 volentes
260 2739 306 2785 sibi
319 2741 430 2800 temporis
439 2739 609 2800 gestaposteria
620 2754 682 2784 com·
707 2738 800 2799 pianum
814 2739 914 2784 African.
925 2739 1019 2798 majoris
1031 2747 1054 2785 et
1065 2740 1167 2786 minoris.

143 2805 262 2858 mandare,
272 2804 463 2851 indiderunthuic
473 2805 523 2851 loco
532 2820 622 2850 nomen.
634 2803 683 2849 Aa·
742 2806 797 2850 664.
817 2801 915 2849 Indulsit
932 2803 1028 2864 castris]
1051 2806 1151 2865 Operam
1169 2803 1244 2861 dedit,

142 2869 185 2914 raei
198 2883 270 2930 regma
281 2877 301 2914 et
313 2877 488 2916 moouooemum.
501 2870 561 2916 Plin.
574 2869 613 2914 lib.
626 2871 650 2916 5.
661 2884 681 2915 c.
708 2868 814 2915 incubuit
833 2869 947 2914 metandis
970 2868 1058 2916 castris.
1103 2868 1243 2921 Hortensius.

141 2936 169 2979 1.
189 2931 279 2978 Famosa
298 2935 413 2997 vacuas]
431 2935 490 2991 Quae
509 2936 590 2980 tamam
606 2949 683 2980 rerum
709 2932 801 2994 [lawa]
841 2932 932 2980 Prioris
954 2933 1072 2983 felicitatis
1092 2934 1253 2996 uictoriaequev

144 3003 260 3059 gestarum
272 2998 301 3043 ad
312 3007 417 3059 posteros
433 2998 579 3045 transmittit:
597 2997 682 3059 alioqui
708 2998 845 3058 auspioium.
1159 3032 1160 3035 η
1237 3033 1239 3037 ,

143 3062 192 3108 fera
210 3062 234 3108 in
250 3064 332 3109 malam
349 3071 438 3123 partem
453 3063 573 3123 accipitur,
592 3078 635 3123 pro
654 3079 682 3109 eo
742 3065 798 3110 665.
815 3062 946 3125 Sollicitat]
964 3065 1088 3114 Provocat.
1104 3062 1246 3126 Numquis,-

143 3125 186 3192 qui
194 3127 277 3172 malam
286 3128 355 3173 habet
365 3128 453 3174 famam.
472 3127 575 3175 Hortens.
709 3126 766 3189 &o.]
785 3129 881 3174 Duabus
895 3129 1026 3189 legionibus
1037 3135 1060 3175 et
1073 3130 1104 3174 D.
1117 3129 1245 3188 equitibus,⁴

143 3209 146 3212 ·
178 3193 234 3240 656.
252 3191 293 3237 Sed
303 3195 388 3253 majora
402 3193 470 3246 dedit,
482 3192 537 3255 &o.]
554 3190 633 3239 Serior
646 3199 683 3238 ut·
708 3207 778 3253 supra
800 3208 863 3238 vers..
881 3195 938 3242 583.
973 3191 1071 3253 Hostes]
1092 3193 1244 3244 ,Vn-nnat

141 3262 244 3316 'nunqua
256 3257 296 3302 sed
307 3257 390 3303 clarior
397 3257 494 3303 nominis
505 3257 578 3318 gloria
588 3256 624 3302 his
634 3257 683 3302 ool·
708 3256 787 3310 Afros,
798 3258 890 3317 quibus,
901 3258 991 3304 viribus
1002 3273 1044 3317 par
1055 3273 1101 3303 non
1112 3264 1177 3305 erat.
1231 3278 1237 3296 ,—

141 3316 214 3375 libus,
226 3336 256 3366 ex
270 3319 353 3367 cannis
370 3321 512 3368 Corraeliuais.
531 3322 634 3380 Namque
645 3322 682 3366 tic
740 3325 796 3371 666.
816 3321 1022 3378 omniomnis,
1040 3320 1096 3382 &o.]
1115 3323 1243 3378 ‘Tuberoa

143 3384 234 3445 primus
246 3393 374 3431 castrorum
389 3386 455 3432 locus
474 3386 500 3431 G.
513 3386 622 3446 Scipioni.
642 3385 682 3445 qui
706 3387 817 3446 Pompeio
828 3387 912 3433 missus
923 3402 974 3434 cum
985 3387 1083 3447 imperio
1097 3386 1120 3432 in
1132 3387 1243 3447 Africam,

143 3447 199 3496 (los.
218 3450 364 3496 traductitia
375 3450 476 3496 Africam
494 3451 569 3514 copiis
580 3452 626 3496 dno
644 3467 681 3497 ea·
705 3459 774 3511 portu
789 3460 813 3498 et
826 3451 914 3514 oppido
926 3451 1002 3499 Uticae
1016 3451 1146 3512 prohibitus
1160 3457 1197 3498 est
1211 3454 1243 3508 ab

142 3512 198 3560 dem
208 3520 274 3560 nocte
285 3515 386 3572 bostium
396 3523 470 3561 castra
478 3515 681 3576 incendit,Sypha·
707 3516 761 3561 Atio
773 3518 843 3571 Varo,
859 3517 897 3576 qui
915 3518 944 3562 ad
955 3517 1082 3568 Auximum
1097 3515 1188 3562 amissis
1203 3533 1243 3566 oo·

142 3586 195 3625 cem
212 3594 290 3639 regam
313 3579 383 3639 cepit,
403 3579 558 3626 Hannibalem
575 3584 615 3630 16.
632 3581 680 3639 jam
706 3581 811 3628 hortibus
823 3580 926 3642 protinus
936 3597 967 3626 ex
977 3582 1032 3642 iuga
1044 3580 1069 3627 in
1080 3581 1181 3628 Africam
1190 3597 1243 3642 per·-

141 3656 215 3689 annos
224 3644 247 3687 in
259 3643 327 3689 ltalia
337 3644 457 3690 bellantem
465 3645 681 3706 vincentemquore·
706 3653 809 3701 venerat,
823 3652 893 3706 atque
911 3662 961 3693 eam
983 3661 1025 3692 sua
1044 3651 1126 3704 sponte
1145 3660 1243 3699 vacuam

142 3706 237 3754 vocavit
248 3707 272 3753 in
284 3707 385 3754 Africam
397 3711 425 3754 ad
438 3725 479 3755 sua
491 3712 591 3757 tutanda.
706 3717 868 3771 occupaverat,
885 3711 1023 3770 delectuque
1039 3710 1117 3756 babitu
1133 3711 1191 3757 duaa
1207 3713 1241 3762 le-

140 3779 144 3785 “
177 3774 236 3820 658.
253 3770 313 3817 Nam
324 3774 383 3820 redes
400 3773 505 3840 Libyca]
524 3776 568 3840 ¹Est
584 3774 680 3822 inlocur
707 3776 786 3836 gionea
797 3776 913 3832 effecerat,
928 3775 1044 3822 bominum
1055 3781 1078 3820 et
1088 3774 1191 3821 locorum
1200 3794 1242 3825 nov

138 3837 221 3898 jugam
234 3837 355 3892 directum,
371 3839 473 3885 eminens
493 3841 516 3885 in
531 3857 601 3894 mare,
619 3847 681 3887 utra·
708 3841 758 3886 titia
771 3847 795 3887 et
810 3854 854 3886 usu
864 3842 915 3899 ejus
929 3839 1055 3901 provinciae
1068 3845 1149 3886 nactus
1166 3841 1242 3890 aditus

144 3917 188 3962 qua
199 3910 305 3961 exparte
322 3910 462 3962 praeruptum
481 3912 548 3964 atque
566 3920 679 3964 asperum,
706 3906 734 3951 ad
752 3918 780 3951 aa
795 3905 906 3961 conanda,
923 3906 986 3965 quod
1001 3904 1081 3966 paucis
1101 3910 1154 3955 ante
1176 3908 1243 3957 annia

140 3967 185 4016 aed
206 3968 275 4027 paulo
293 3975 368 4014 tameo
388 3968 476 4015 leniore
494 3969 588 4031 fastigio
606 3971 634 4015 ab
653 3986 680 4016 ea
706 3987 736 4016 ex
752 3977 853 4029 praetura
873 3986 923 4016 eam
941 3968 1081 4032 provinciam
1102 3969 1242 4031 obtinuerat.

142 4038 208 4091 porte
219 4045 271 4092 quae
282 4033 312 4079 ad
325 4033 417 4079 Uticam
428 4034 511 4093 vergit.
529 4037 595 4082 abest
606 4034 680 4080 direc-
705 4035 794 4081 Conun.
804 4034 850 4085 civ.
862 4035 917 4080 bell.
928 4039 951 4080 1.
961 4043 985 4082 at
996 4034 1045 4080 eie.
1057 4049 1100 4093 pro
1111 4034 1214 4095 Ligario.

142 4101 166 4142 to
185 4098 216 4150 ab
226 4096 296 4148 Utica
316 4098 383 4159 paulo
404 4099 501 4158 arrtplius
517 4116 598 4160 passus
608 4097 679 4156 mille,
738 4102 794 4146 668.
813 4098 899 4160 Latio]
919 4099 1022 4147 Militum
1033 4097 1176 4149 italicorum.
1192 4099 1238 4148 Ra
1262 4152 1264 4157 .

141 4160 183 4206 aad
198 4167 302 4222 propter
323 4163 514 4223 restagnationem
537 4165 614 4219 maris,
636 4179 679 4210 sex
703 4165 738 4226 gis
751 4162 899 4231 terreatis]
917 4163 1240 4224 AJubatamenregeMau·

140 4226 236 4275 millium
249 4226 348 4272 circuitu
359 4228 382 4272 in
394 4228 505 4287 oppidum
515 4231 656 4288 pervenitur.
704 4229 793 4277 ritaniae
813 4228 876 4275 socio
894 4236 918 4276 et
932 4229 1006 4279 unico
1020 4227 1135 4288 Pompeii,
1153 4227 1240 4279 auxilia
1297 4240 1300 4248 ¹

173 4293 230 4337 660.
250 4290 358 4346 Romano,
370 4291 427 4354 &o.]
445 4293 564 4340 Romanus
576 4295 615 4354 qui
630 4293 678 4352 pri-
703 4294 780 4353 petiit,
792 4300 860 4354 atque
869 4295 960 4357 accepit
969 4293 1069 4353 primum
1084 4293 1135 4341 Dc.
1149 4291 1237 4353 equites

137 4369 201 4404 mam
210 4354 234 4402 in
242 4355 320 4401 Africa
330 4357 359 4402 de
371 4357 450 4402 Poenis
466 4359 594 4420 reportarit
606 4359 679 4408 ricto·
704 4359 849 4407 Numidaaet
858 4359 950 4419 pedites
956 4357 1105 4409 (icccmox
1114 4357 1237 4422 regemip·

138 4419 200 4474 riam
212 4417 358 4471 hiscolltbua
374 4423 548 4477 castrababait
703 4422 1023 4493 ωμοωιιιςώροιξίἰο.
1063 4475 1067 4479 ,
1116 4460 1118 4462 ψ
1233 4460 1234 4464 ,
