2784 4860
138 360 205 429 588
443 358 936 431 SUPPLEMENTUM

142 539 185 603 In
198 558 314 623 pugna
328 539 557 622 opprimerent
568 538 685 602 hostes
700 558 745 603 ex
759 539 842 603 urba
855 544 1007 604 mentes.

186 649 256 714 Sed
270 649 389 714 fauces
400 668 488 733 pene
503 654 664 731 angustas
680 649 861 715 obsederat
875 649 999 715 Isthmi

141 757 284 844 Scipi03
308 759 477 825 Caesareis
491 758 703 841 adversaque
719 764 832 824 castra
845 761 999 826 locasset

146 869 310 952 Magnum
325 888 414 954 opus
428 867 616 944 intendens,
632 868 746 933 sinon
763 870 832 934 cita
845 890 961 954 pogna
973 870 1130 950 daretur,

145 980 336 1065 Aggeribus
350 981 498 1057 structis,
513 979 683 1061 ductaque
699 980 743 1043 ad
757 980 872 1045 littora
885 962 994 1060 fossa,

146 1092 322 1176 Deceptos
336 1092 405 1156 illis
419 1090 591 1156 includere
605 1089 765 1156 faucibus
778 1091 906 1155 hostes.
974 1104 980 1115 ·

146 1201 216 1267 Sed
232 1208 383 1287 coeptum
399 1202 510 1268 celare
526 1221 635 1280 suum,
650 1201 707 1267 vel
720 1201 806 1266 ferre
821 1206 961 1286 paratus

141 1313 326 1381 ,Incursum
340 1313 432 1390 belli,
448 1313 591 1397 pulchro
605 1312 740 1378 instruit
758 1312 875 1377 ordino
889 1317 1024 1383 turmas.

147 1422 324 1489 Romanas
338 1423 451 1488 medio
465 1424 618 1506 legiones
631 1424 707 1508 ipse
722 1424 906 1506 gubernat3

144 1533 214 1598 Tot
227 1536 339 1600 varias
354 1535 474 1599 dextro
490 1541 606 1617 gentes
621 1554 685 1600 sua
699 1535 798 1617 signa
810 1538 946 1599 secutas

146 1641 228 1708 Rex
240 1644 334 1709 Juba
348 1644 496 1709 ducebat
510 1664 633 1727 comu;
655 1645 849 1729 laevumque
863 1644 1002 1709 tenebat

90 1746 95 1755 ’
114 1774 117 1781 ’
147 1754 190 1819 In
206 1751 347 1839 Libycis
361 1752 487 1833 Varus,
502 1753 614 1820 Gallis
628 1754 801 1819 Labienus
815 1756 852 1819 in
868 1755 972 1820 armis
992 1758 997 1765 '

146 1862 414 1949 Teutonicisque
428 1866 547 1945 ferox;
569 1864 699 1930 alarum
713 1865 891 1943 frontibus,
907 1866 987 1931 altis

146 1973 338 2058 Aggeribus
352 1976 444 2041 bello
459 1976 589 2040 similes
603 1976 740 2042 stabant
753 1975 972 2059 Elephantis.
1017 1974 1021 1981 “

146 2084 216 2150 His
226 2085 338 2169 juncti
348 2084 465 2151 Getuli
479 2085 633 2170 Equites,
655 2084 885 2170 Numidaeque
899 2091 1074 2153 steterunt.

146 2195 244 2261 Pone
254 2195 349 2261 feras
369 2198 475 2262 variae
491 2203 607 2280 gentes
621 2198 714 2263 levia
727 2216 822 2262 arma
835 2197 1007 2280 gerebant,

145 2305 279 2371 Armati
289 2307 417 2392 jaculis
433 2307 558 2384 Mauri,
573 2307 807 2392 pharetrisque
822 2328 954 2374 veneno
1045 2316 1056 2327 “

146 2416 241 2482 Illita
255 2418 434 2500 gestabant
448 2417 605 2482 scelerati
620 2419 755 2500 spicula
770 2417 890 2483 Mibac.

144 2527 295 2593 Caesaris
311 2534 346 2594 at
359 2534 544 2613 postquam
558 2529 756 2594 instructam
770 2530 955 2611 procedam
968 2531 1057 2596 vidit

145 2638 327 2723 Scipiades
343 2639 465 2716 aciem,
481 2640 574 2705 clara
589 2641 640 2704 sic
654 2659 741 2705 voce
757 2641 914 2707 cohortes

145 2749 292 2814 Incitat:
316 2750 360 2813 oh
376 2749 536 2816 Romana
548 2771 680 2830 manus,
696 2771 778 2836 spes
792 2752 870 2816 sola
883 2751 1041 2828 Senatus,

145 2861 191 2925 Et
204 2861 325 2944 patriae
340 2861 457 2939 tutela,
474 2863 596 2926 animis
612 2862 663 2926 sic
677 2861 803 2926 robora
816 2867 935 2945 posset

144 2971 283 3036 Addere
299 2973 462 3037 Ductoris
476 2973 649 3049 facundia,
665 2976 793 3055 quanta
807 2972 933 3037 diserto

146 3080 357 3164 Argumenta
371 3083 489 3146 darent
502 3082 636 3146 miserae
651 3087 702 3147 tot
716 3083 858 3147 vulnera
873 3081 1008 3160 Romae,

146 3191 288 3258 Viribus
304 3194 464 3258 extinctae
478 3194 583 3275 leges,
594 3193 854 3276 venerandaque
864 3192 954 3276 jora,
982 3240 986 3249 .

146 3302 299 3388 Ipsaque
313 3303 452 3368 libertas
467 3304 570 3368 armis
585 3322 752 3387 oppressa
764 3302 947 3369 nefandir'r‘.l

145 3413 185 3478 Si
200 3414 321 3498 patriae
337 3415 465 3491 clades,
482 3415 512 3478 si
527 3415 667 3498 puhhca
681 3414 806 3479 damna
818 3434 957 3480 movere

147 3523 209 3589 Nil
223 3529 380 3608 poterant
393 3530 534 3601 mentes,
551 3525 607 3589 cui
620 3544 690 3589 non
705 3523 886 3589 Pharsalia
897 3525 1011 3591 luctrrs

147 3635 312 3700 Exhibuit
326 3636 495 3720 proprios,
511 3635 711 3721 privataque
725 3635 869 3701 funeral
892 3636 969 3720 quis
983 3654 1070 3702 non.

146 3743 219 3810 Aut
232 3744 352 3810 fratres
367 3746 450 3824 illio,
463 3752 526 3814 aut
539 3751 640 3811 natos
654 3752 775 3812 moeret
788 3747 994 3831 ademptos?
1067 3766 1070 3771 ·

146 3854 170 3919 J
171 3875 227 3920 am
241 3876 331 3920 nunc
345 3857 484 3922 ultrices
499 3862 656 3941 spectant
668 3863 720 3922 tot
733 3858 877 3942 pignora
891 3857 1041 3934 dextras,

142 3967 214 4034 Tot
228 3969 323 4034 chari
337 3968 470 4035 Manes.
493 3975 588 4035 tanto
603 3969 660 4035 hic
674 3988 739 4035 nos
750 3968 878 4052 justius
892 3986 988 4033 arma

148 4079 326 4144 Induimus
342 4100 445 4163 quam
458 4080 670 4146 Thessalicis
684 4079 872 4164 Pompeius
884 4078 923 4143 in
943 4080 1047 4158 arvis,

146 4189 285 4270 Quanto
300 4190 511 4257 Thessalicis
527 4196 691 4275 augentur
706 4192 848 4257 crimina
861 4190 995 4276 campis

146 4301 307 4369 Caesaris.
323 4304 489 4370 accedent
502 4309 572 4370 tam
582 4304 688 4390 justae
704 4303 857 4373 Numina
870 4322 999 4373 causta.
1076 4376 1080 4383 ,
