2784 4860
485 807 884 887 SUPPLEMENTUM

138 1168 143 1176 .
255 1051 256 1054 Ὗ
403 1066 559 1172 Lu
624 1029 874 1170 CAN
922 1061 965 1167 Ι.

395 1281 398 1288 ¹
505 1327 629 1388 niune
646 1252 885 1397 sucunnus}

138 1774 371 1864 Snuunmnn
387 1796 553 1862 Pellaeum
566 1775 740 1860 celebrant
749 1795 823 1880 jam
837 1795 926 1861 leste
940 1812 1001 1880 per
1014 1797 1143 1874 urbem
1217 1844 1219 1848 ψ

136 1911 183 1974 Et
198 1910 308 1974 Ducis
322 1908 469 1973 Ausonii
483 1889 603 1971 laudes
618 1906 663 1970 ad
678 1906 790 1971 sidera
804 1907 927 1972 tollunt

138 2021 271 2085 Servati
287 2019 389 2084 Cives
410 2016 508 2104 (dum
522 2018 653 2100 passim
668 2017 790 2082 altaria
803 2016 949 2104 fumant)

135 2131 298 2213 Votaque
314 2129 391 2194 Diis
407 2129 554 2192 solvunt.
569 2111 695 2204 nescio,
712 2148 795 2210 gens
809 2129 927 2213 impia,
942 2127 1056 2193 nescis

137 2240 203 2304 Cui
218 2260 333 2305 causae
349 2240 436 2304 hanc
453 2238 558 2302 debes
572 2237 718 2316 veniam,
734 2240 923 2324 patriaeque
939 2241 1093 2305 salutem.
1118 2301 1122 2312 ,

140 2352 222 2416 Non
236 2353 323 2416 hane
340 2350 524 2416 semideive
540 2347 664 2426 Canes,
680 2355 740 2414 aut
752 2351 899 2416 barbara
914 2348 1079 2434 praestant

140 2465 302 2540 Numina,
319 2463 416 2545 queis
430 2461 498 2524 ritu
511 2460 680 2544 persolvis
694 2464 776 2525 vota
789 2459 934 2544 profano
946 2481 956 2540 ;

140 2574 216 2638 Nec
233 2573 341 2638 Ducis
357 2571 532 2635 inflectunt
546 2571 694 2635 animum
704 2569 985 2653 fulgentiateeta,
1015 2578 1017 2581 ’

142 2684 223 2748 Non
237 2688 387 2748 veterum
402 2685 620 2745 monumenta
635 2681 783 2759 Ducum,
800 2701 870 2747 non
878 2681 1012 2766 templa
1026 2680 1188 2759 Deorum,

142 2792 217 2857 Neo
235 2792 421 2856 Macedfim
436 2791 565 2856 cineres
581 2790 700 2874 Regis,
715 2811 803 2876 quos
819 2790 936 2858 Caesar
954 2793 1074 2859 adorat

141 2904 225 2968 Plus
242 2904 309 2968 aris
324 2903 529 2987 templisque
543 2902 633 2967 tuis:
657 2900 719 2966 sed
732 2901 849 2996 inania
863 2920 974 2982 saera,

142 3015 365 3100 Infirmosque
380 3015 476 3081 Deos
491 3014 581 3080 facie
597 3015 781 3098 Cleopatna
793 3018 932 3098 potente

141 3126 303 3208 Protegit,
318 3131 353 3190 et
367 3131 485 3210 stupro
498 3125 633 3192 redimit
647 3124 872 3210 Memphitica
882 3131 1028 3210 sceptra.

142 3235 218 3300 Nee
233 3237 344 3301 visum
358 3242 411 3301 est
426 3255 563 3321 aequum
577 3235 796 3312 coelestibus,
811 3241 850 3299 ut
861 3235 994 3300 meliori

141 3345 312 3411 Deberent
327 3365 442 3410 causae
457 3352 528 3410 tam
541 3347 655 3429 turpia
668 3365 773 3429 regna
785 3345 942 3412 salutem.

183 3456 329 3540 Jamque
345 3457 399 3521 sui
415 3455 559 3520 Pharias
573 3475 717 3540 regnans
732 3456 917 3541 Cleopatra
931 3474 994 3541 per
1012 3456 1113 3522 urbes

141 3566 326 3632 Authorem
341 3566 403 3631 fati
417 3566 524 3648 regali
539 3565 720 3650 splendida
734 3567 826 3632 cultu
953 3633 955 3637 ,
972 3590 974 3594 ·

141 3676 292 3759 Excipit,
308 3682 341 3771 et
355 3695 478 3759 magno
495 3675 644 3741 eelebrat
658 3666 819 3744 convivia
831 3676 928 3743 luxu.

141 3786 240 3852 Atria
253 3768 428 3870 fulgebant
442 3787 504 3852 tali
518 3788 679 3872 laqueata
693 3792 816 3871 paratu

142 3895 289 3975 Qualem
302 3917 426 3980 magua
440 3899 562 3976 solent,
587 3897 648 3962 sed
658 3897 733 3982 jam
746 3898 885 3975 mutina,
901 3895 1048 3966 studere
1110 3920 1116 3931 ‘

141 4007 272 4092 Regna,
289 4011 414 4094 quibus
428 4015 572 4088 veterent,
589 4028 674 4093 quas
689 4009 793 4092 longa
806 4008 960 4093 potentia
976 4006 1068 4093 feeit,

79 4169 81 4173 ι
142 4120 361 4188 ostentantur
375 4143 472 4209 opes,
487 4122 580 4189 vitiis
596 4122 756 4189 alimenta
765 4119 898 4188 futuris.

140 4232 210 4298 Sed
224 4255 293 4300 nou
308 4235 449 4316 divitiae,
463 4256 533 4303 non
547 4255 630 4302 auro
644 4233 740 4300 sulm
752 4230 920 4317 supellex,
