<?xml version="1.0" encoding="UTF-8"?>
<!DOCTYPE html PUBLIC "-//W3C//DTD XHTML 1.0 Transitional//EN"
    "http://www.w3.org/TR/xhtml1/DTD/xhtml1-transitional.dtd">
<html xmlns="http://www.w3.org/1999/xhtml" xml:lang="en" lang="en">
 <head>
  <title>
</title>
<meta http-equiv="Content-Type" content="text/html;charset=utf-8" />
  <meta name='ocr-system' content='tesseract 3.04.00' />
  <meta name='ocr-capabilities' content='ocr_page ocr_carea ocr_par ocr_line ocrx_word'/>
</head>
<body>
  <div class='ocr_page' id='page_1' title='image "./mannaeuslucanus00grotgoog/mannaeuslucanus00grotgoog_0019.png"; bbox 0 0 2784 4860; ppageno 0'>
   <div class='ocr_carea' id='block_1_1' title="bbox 149 329 1267 2418">
    <p class='ocr_par' dir='ltr' id='par_1_1' title="bbox 149 329 1267 2418">
     <span class='ocr_line' id='line_1_1' title="bbox 159 329 1266 412; baseline 0.011 -24"><span class='ocrx_word' id='word_1_1' title='bbox 159 329 226 409; x_wconf 84' lang='lat' dir='ltr'>ipse</span> <span class='ocrx_word' id='word_1_2' title='bbox 239 335 270 392; x_wconf 88' lang='lat' dir='ltr'>et</span> <span class='ocrx_word' id='word_1_3' title='bbox 283 338 430 393; x_wconf 83' lang='lat' dir='ltr'>nocturna</span> <span class='ocrx_word' id='word_1_4' title='bbox 452 330 579 409; x_wconf 80' lang='lat' dir='ltr'>imagine</span> <span class='ocrx_word' id='word_1_5' title='bbox 603 331 712 392; x_wconf 75' lang='lat' dir='ltr'><strong>theatri</strong></span> <span class='ocrx_word' id='word_1_6' title='bbox 734 331 779 392; x_wconf 90' lang='lat' dir='ltr'>sui</span> <span class='ocrx_word' id='word_1_7' title='bbox 793 332 917 393; x_wconf 87' lang='lat' dir='ltr'>audiens</span> <span class='ocrx_word' id='word_1_8' title='bbox 930 332 1068 412; x_wconf 83' lang='lat' dir='ltr'>plausum</span> <span class='ocrx_word' id='word_1_9' title='bbox 1088 334 1121 395; x_wconf 90' lang='lat' dir='ltr'>in</span> <span class='ocrx_word' id='word_1_10' title='bbox 1143 335 1266 401; x_wconf 76' lang='lat' dir='ltr'>moda·</span> 
     </span>
     <span class='ocr_line' id='line_1_2' title="bbox 157 436 1266 522; baseline 0.005 -27"><span class='ocrx_word' id='word_1_11' title='bbox 157 437 296 514; x_wconf 85' lang='lat' dir='ltr'>planctus</span> <span class='ocrx_word' id='word_1_12' title='bbox 322 438 553 514; x_wconf 78' lang='lat' dir='ltr'>circumsonare,</span> <span class='ocrx_word' id='word_1_13' title='bbox 577 447 608 498; x_wconf 94' lang='lat' dir='ltr'>et</span> <span class='ocrx_word' id='word_1_14' title='bbox 631 458 716 498; x_wconf 89' lang='lat' dir='ltr'>mane</span> <span class='ocrx_word' id='word_1_15' title='bbox 736 436 804 500; x_wconf 85' lang='lat' dir='ltr'>cunr</span> <span class='ocrx_word' id='word_1_16' title='bbox 822 440 905 517; x_wconf 89' lang='lat' dir='ltr'>pullo</span> <span class='ocrx_word' id='word_1_17' title='bbox 919 439 1046 500; x_wconf 85' lang='lat' dir='ltr'>amiculo</span> <span class='ocrx_word' id='word_1_18' title='bbox 1056 437 1164 517; x_wconf 83' lang='lat' dir='ltr'>(nefas)</span> <span class='ocrx_word' id='word_1_19' title='bbox 1182 443 1266 522; x_wconf 82' lang='lat' dir='ltr'>apud</span> 
     </span>
     <span class='ocr_line' id='line_1_3' title="bbox 155 541 1264 624; baseline 0.008 -24"><span class='ocrx_word' id='word_1_20' title='bbox 155 541 302 622; x_wconf 87' lang='lat' dir='ltr'>principia</span> <span class='ocrx_word' id='word_1_21' title='bbox 326 554 504 624; x_wconf 88' lang='lat' dir='ltr'>conspectus</span> <span class='ocrx_word' id='word_1_22' title='bbox 519 552 575 604; x_wconf 80' lang='lat' dir='ltr'>est&#39;.</span> <span class='ocrx_word' id='word_1_23' title='bbox 614 547 775 622; x_wconf 83' lang='lat' dir='ltr'><strong>Nunquam</strong></span> <span class='ocrx_word' id='word_1_24' title='bbox 801 545 897 605; x_wconf 91' lang='lat' dir='ltr'>acrior</span> <span class='ocrx_word' id='word_1_25' title='bbox 918 565 1015 624; x_wconf 90' lang='lat' dir='ltr'>neque</span> <span class='ocrx_word' id='word_1_26' title='bbox 1036 547 1163 607; x_wconf 73' lang='lat' dir='ltr'>alacrior</span> <span class='ocrx_word' id='word_1_27' title='bbox 1180 568 1264 622; x_wconf 62' lang='lat' dir='ltr'>error«¹</span> 
     </span>
     <span class='ocr_line' id='line_1_4' title="bbox 160 648 1267 728; baseline 0.007 -21"><span class='ocrx_word' id='word_1_28' title='bbox 160 648 239 708; x_wconf 87' lang='lat' dir='ltr'>citus</span> <span class='ocrx_word' id='word_1_29' title='bbox 264 649 391 709; x_wconf 86' lang='lat' dir='ltr'>Caesaris</span> <span class='ocrx_word' id='word_1_30' title='bbox 417 650 482 710; x_wconf 88' lang='lat' dir='ltr'>suit.</span> <span class='ocrx_word' id='word_1_31' title='bbox 524 650 599 709; x_wconf 93' lang='lat' dir='ltr'>Inde</span> <span class='ocrx_word' id='word_1_32' title='bbox 620 650 745 710; x_wconf 91' lang='lat' dir='ltr'>classica</span> <span class='ocrx_word' id='word_1_33' title='bbox 772 651 867 728; x_wconf 87' lang='lat' dir='ltr'>prius,</span> <span class='ocrx_word' id='word_1_34' title='bbox 888 650 957 714; x_wconf 89' lang='lat' dir='ltr'>inde</span> <span class='ocrx_word' id='word_1_35' title='bbox 972 651 1041 713; x_wconf 84' lang='lat' dir='ltr'>tela.</span> <span class='ocrx_word' id='word_1_36' title='bbox 1081 655 1267 717; x_wconf 77' lang='lat' dir='ltr'>Annotatun</span> 
     </span>
     <span class='ocr_line' id='line_1_5' title="bbox 157 755 1264 834; baseline 0.003 -20"><span class='ocrx_word' id='word_1_37' title='bbox 157 772 277 832; x_wconf 90' lang='lat' dir='ltr'>quoque</span> <span class='ocrx_word' id='word_1_38' title='bbox 292 755 502 817; x_wconf 90' lang='lat' dir='ltr'>committentis</span> <span class='ocrx_word' id='word_1_39' title='bbox 514 755 606 814; x_wconf 87' lang='lat' dir='ltr'>aciem</span> <span class='ocrx_word' id='word_1_40' title='bbox 620 755 746 815; x_wconf 88' lang='lat' dir='ltr'>Crastini</span> <span class='ocrx_word' id='word_1_41' title='bbox 756 756 867 834; x_wconf 87' lang='lat' dir='ltr'>pilum;</span> <span class='ocrx_word' id='word_1_42' title='bbox 890 755 941 834; x_wconf 93' lang='lat' dir='ltr'>qui</span> <span class='ocrx_word' id='word_1_43' title='bbox 960 775 1029 815; x_wconf 82' lang='lat' dir='ltr'>mox</span> <span class='ocrx_word' id='word_1_44' title='bbox 1046 755 1154 816; x_wconf 83' lang='lat' dir='ltr'>adacto</span> <span class='ocrx_word' id='word_1_45' title='bbox 1174 757 1205 817; x_wconf 91' lang='lat' dir='ltr'>in</span> <span class='ocrx_word' id='word_1_46' title='bbox 1229 777 1264 823; x_wconf 80' lang='lat' dir='ltr'>os</span> 
     </span>
     <span class='ocr_line' id='line_1_6' title="bbox 156 860 1264 946; baseline 0.005 -28"><span class='ocrx_word' id='word_1_47' title='bbox 156 860 266 937; x_wconf 84' lang='lat' dir='ltr'>gladio,</span> <span class='ocrx_word' id='word_1_48' title='bbox 288 862 331 921; x_wconf 91' lang='lat' dir='ltr'>sic</span> <span class='ocrx_word' id='word_1_49' title='bbox 345 862 421 946; x_wconf 86' lang='lat' dir='ltr'>inter</span> <span class='ocrx_word' id='word_1_50' title='bbox 435 862 580 922; x_wconf 87' lang='lat' dir='ltr'>cadavera</span> <span class='ocrx_word' id='word_1_51' title='bbox 594 871 737 941; x_wconf 89' lang='lat' dir='ltr'>repertus,</span> <span class='ocrx_word' id='word_1_52' title='bbox 759 861 913 920; x_wconf 87' lang='lat' dir='ltr'>libidinem</span> <span class='ocrx_word' id='word_1_53' title='bbox 927 880 963 921; x_wconf 91' lang='lat' dir='ltr'>ac</span> <span class='ocrx_word' id='word_1_54' title='bbox 981 862 1092 922; x_wconf 83' lang='lat' dir='ltr'>rabiem</span> <span class='ocrx_word' id='word_1_55' title='bbox 1114 883 1174 941; x_wconf 90' lang='lat' dir='ltr'>qua</span> <span class='ocrx_word' id='word_1_56' title='bbox 1187 884 1264 943; x_wconf 84' lang='lat' dir='ltr'>pag.</span> 
     </span>
     <span class='ocr_line' id='line_1_7' title="bbox 155 965 1263 1046; baseline 0.007 -23"><span class='ocrx_word' id='word_1_57' title='bbox 155 973 285 1036; x_wconf 77' lang='lat' dir='ltr'>uouerat,</span> <span class='ocrx_word' id='word_1_58' title='bbox 306 966 370 1042; x_wconf 83' lang='lat' dir='ltr'>ipsa</span> <span class='ocrx_word' id='word_1_59' title='bbox 384 965 512 1026; x_wconf 86' lang='lat' dir='ltr'>novitate</span> <span class='ocrx_word' id='word_1_60' title='bbox 528 968 653 1026; x_wconf 89' lang='lat' dir='ltr'>vulneris</span> <span class='ocrx_word' id='word_1_61' title='bbox 663 966 852 1046; x_wconf 84' lang='lat' dir='ltr'>praeferebat.</span> <span class='ocrx_word' id='word_1_62' title='bbox 895 966 955 1025; x_wconf 89' lang='lat' dir='ltr'>Sed</span> <span class='ocrx_word' id='word_1_63' title='bbox 973 987 1029 1026; x_wconf 90' lang='lat' dir='ltr'>nec</span> <span class='ocrx_word' id='word_1_64' title='bbox 1050 967 1148 1027; x_wconf 88' lang='lat' dir='ltr'>miuus</span> <span class='ocrx_word' id='word_1_65' title='bbox 1168 968 1263 1031; x_wconf 83' lang='lat' dir='ltr'>admi·</span> 
     </span>
     <span class='ocr_line' id='line_1_8' title="bbox 154 1070 1260 1152; baseline 0.005 -23"><span class='ocrx_word' id='word_1_66' title='bbox 154 1070 278 1130; x_wconf 85' lang='lat' dir='ltr'>rabilior</span> <span class='ocrx_word' id='word_1_67' title='bbox 292 1073 367 1132; x_wconf 91' lang='lat' dir='ltr'>illius</span> <span class='ocrx_word' id='word_1_68' title='bbox 392 1072 488 1130; x_wconf 83' lang='lat' dir='ltr'>exitus</span> <span class='ocrx_word' id='word_1_69' title='bbox 513 1071 594 1131; x_wconf 87' lang='lat' dir='ltr'>belli.</span> <span class='ocrx_word' id='word_1_70' title='bbox 637 1072 758 1150; x_wconf 84' lang='lat' dir='ltr'>Quippe</span> <span class='ocrx_word' id='word_1_71' title='bbox 774 1091 842 1131; x_wconf 90' lang='lat' dir='ltr'>curn</span> <span class='ocrx_word' id='word_1_72' title='bbox 863 1071 1023 1150; x_wconf 89' lang='lat' dir='ltr'>Pompeius</span> <span class='ocrx_word' id='word_1_73' title='bbox 1036 1073 1113 1133; x_wconf 89' lang='lat' dir='ltr'>adeo</span> <span class='ocrx_word' id='word_1_74' title='bbox 1127 1075 1260 1152; x_wconf 81' lang='lat' dir='ltr'>equitum</span> 
     </span>
     <span class='ocr_line' id='line_1_9' title="bbox 154 1173 1260 1254; baseline 0.007 -22"><span class='ocrx_word' id='word_1_75' title='bbox 154 1173 244 1252; x_wconf 88' lang='lat' dir='ltr'>copia</span> <span class='ocrx_word' id='word_1_76' title='bbox 257 1175 433 1248; x_wconf 81' lang='lat' dir='ltr'>abundaret,</span> <span class='ocrx_word' id='word_1_77' title='bbox 455 1184 488 1236; x_wconf 91' lang='lat' dir='ltr'>ut</span> <span class='ocrx_word' id='word_1_78' title='bbox 499 1176 585 1235; x_wconf 84' lang='lat' dir='ltr'>facile</span> <span class='ocrx_word' id='word_1_79' title='bbox 600 1175 854 1236; x_wconf 84' lang='lat' dir='ltr'>circumventurus</span> <span class='ocrx_word' id='word_1_80' title='bbox 869 1177 926 1236; x_wconf 86' lang='lat' dir='ltr'>sibi</span> <span class='ocrx_word' id='word_1_81' title='bbox 942 1178 1086 1237; x_wconf 71' lang='lat' dir='ltr'>Caesarem</span> <span class='ocrx_word' id='word_1_82' title='bbox 1099 1179 1260 1254; x_wconf 85' lang='lat' dir='ltr'>videretur,</span> 
     </span>
     <span class='ocr_line' id='line_1_10' title="bbox 154 1279 1260 1360; baseline 0.006 -22"><span class='ocrx_word' id='word_1_83' title='bbox 154 1279 374 1340; x_wconf 84' lang='lat' dir='ltr'>circumventus</span> <span class='ocrx_word' id='word_1_84' title='bbox 398 1281 460 1357; x_wconf 91' lang='lat' dir='ltr'>ipsc</span> <span class='ocrx_word' id='word_1_85' title='bbox 475 1290 529 1341; x_wconf 88' lang='lat' dir='ltr'>est.</span> <span class='ocrx_word' id='word_1_86' title='bbox 571 1283 649 1341; x_wconf 87' lang='lat' dir='ltr'>Nam</span> <span class='ocrx_word' id='word_1_87' title='bbox 664 1303 730 1342; x_wconf 89' lang='lat' dir='ltr'>cum</span> <span class='ocrx_word' id='word_1_88' title='bbox 746 1283 797 1342; x_wconf 91' lang='lat' dir='ltr'>diu</span> <span class='ocrx_word' id='word_1_89' title='bbox 817 1303 903 1360; x_wconf 79' lang='lat' dir='ltr'>aequo</span> <span class='ocrx_word' id='word_1_90' title='bbox 917 1291 1010 1342; x_wconf 86' lang='lat' dir='ltr'>marte</span> <span class='ocrx_word' id='word_1_91' title='bbox 1033 1285 1260 1358; x_wconf 84' lang='lat' dir='ltr'>contenderent,</span> 
     </span>
     <span class='ocr_line' id='line_1_11' title="bbox 149 1386 1260 1471; baseline 0.008 -27"><span class='ocrx_word' id='word_1_92' title='bbox 149 1386 296 1464; x_wconf 77' lang='lat' dir='ltr'>jarssuque</span> <span class='ocrx_word' id='word_1_93' title='bbox 319 1387 452 1464; x_wconf 88' lang='lat' dir='ltr'>Pompeii</span> <span class='ocrx_word' id='word_1_94' title='bbox 466 1387 548 1447; x_wconf 83' lang='lat' dir='ltr'>fusus</span> <span class='ocrx_word' id='word_1_95' title='bbox 563 1408 580 1447; x_wconf 90' lang='lat' dir='ltr'>a</span> <span class='ocrx_word' id='word_1_96' title='bbox 594 1408 685 1448; x_wconf 88' lang='lat' dir='ltr'>corun</span> <span class='ocrx_word' id='word_1_97' title='bbox 705 1390 850 1468; x_wconf 89' lang='lat' dir='ltr'>erupisset</span> <span class='ocrx_word' id='word_1_98' title='bbox 870 1389 1032 1469; x_wconf 83' lang='lat' dir='ltr'>equitatus,</span> <span class='ocrx_word' id='word_1_99' title='bbox 1052 1399 1175 1471; x_wconf 87' lang='lat' dir='ltr'>repente</span> <span class='ocrx_word' id='word_1_100' title='bbox 1188 1390 1260 1453; x_wconf 80' lang='lat' dir='ltr'>binc</span> 
     </span>
     <span class='ocr_line' id='line_1_12' title="bbox 153 1492 1259 1576; baseline 0.009 -26"><span class='ocrx_word' id='word_1_101' title='bbox 153 1492 236 1569; x_wconf 86' lang='lat' dir='ltr'>signo</span> <span class='ocrx_word' id='word_1_102' title='bbox 250 1492 331 1564; x_wconf 90' lang='lat' dir='ltr'>dato,</span> <span class='ocrx_word' id='word_1_103' title='bbox 353 1494 569 1553; x_wconf 84' lang='lat' dir='ltr'>Germanorum</span> <span class='ocrx_word' id='word_1_104' title='bbox 581 1496 719 1554; x_wconf 90' lang='lat' dir='ltr'>cobortes</span> <span class='ocrx_word' id='word_1_105' title='bbox 734 1504 849 1555; x_wconf 87' lang='lat' dir='ltr'>tanturn</span> <span class='ocrx_word' id='word_1_106' title='bbox 863 1496 893 1555; x_wconf 97' lang='lat' dir='ltr'>in</span> <span class='ocrx_word' id='word_1_107' title='bbox 908 1495 1019 1556; x_wconf 82' lang='lat' dir='ltr'>effusos</span> <span class='ocrx_word' id='word_1_108' title='bbox 1032 1497 1146 1576; x_wconf 84' lang='lat' dir='ltr'>equites</span> <span class='ocrx_word' id='word_1_109' title='bbox 1157 1496 1259 1560; x_wconf 82' lang='lat' dir='ltr'>iecere</span> 
     </span>
     <span class='ocr_line' id='line_1_13' title="bbox 152 1598 1258 1679; baseline 0.005 -22"><span class='ocrx_word' id='word_1_110' title='bbox 152 1598 304 1678; x_wconf 88' lang='lat' dir='ltr'>impetum,</span> <span class='ocrx_word' id='word_1_111' title='bbox 326 1608 359 1658; x_wconf 92' lang='lat' dir='ltr'>ut</span> <span class='ocrx_word' id='word_1_112' title='bbox 373 1599 485 1658; x_wconf 90' lang='lat' dir='ltr'>illiesse</span> <span class='ocrx_word' id='word_1_113' title='bbox 499 1601 627 1679; x_wconf 89' lang='lat' dir='ltr'>pedites,</span> <span class='ocrx_word' id='word_1_114' title='bbox 648 1602 679 1659; x_wconf 92' lang='lat' dir='ltr'>bi</span> <span class='ocrx_word' id='word_1_115' title='bbox 693 1601 792 1660; x_wconf 89' lang='lat' dir='ltr'>venire</span> <span class='ocrx_word' id='word_1_116' title='bbox 804 1601 833 1659; x_wconf 93' lang='lat' dir='ltr'>in</span> <span class='ocrx_word' id='word_1_117' title='bbox 848 1600 933 1678; x_wconf 90' lang='lat' dir='ltr'>equis</span> <span class='ocrx_word' id='word_1_118' title='bbox 948 1601 1127 1661; x_wconf 89' lang='lat' dir='ltr'>viderentur.</span> <span class='ocrx_word' id='word_1_119' title='bbox 1169 1601 1258 1663; x_wconf 82' lang='lat' dir='ltr'>Hanc</span> 
     </span>
     <span class='ocr_line' id='line_1_14' title="bbox 151 1702 1258 1786; baseline 0.005 -24"><span class='ocrx_word' id='word_1_120' title='bbox 151 1711 280 1780; x_wconf 88' lang='lat' dir='ltr'>stragem</span> <span class='ocrx_word' id='word_1_121' title='bbox 301 1702 445 1781; x_wconf 89' lang='lat' dir='ltr'>fugientes</span> <span class='ocrx_word' id='word_1_122' title='bbox 466 1705 626 1786; x_wconf 84' lang='lat' dir='ltr'>equitatus,</span> <span class='ocrx_word' id='word_1_123' title='bbox 659 1705 729 1765; x_wconf 89' lang='lat' dir='ltr'>levis</span> <span class='ocrx_word' id='word_1_124' title='bbox 750 1714 905 1766; x_wconf 73' lang='lat' dir='ltr'>armaturae</span> <span class='ocrx_word' id='word_1_125' title='bbox 929 1705 1013 1765; x_wconf 87' lang='lat' dir='ltr'>ruina</span> <span class='ocrx_word' id='word_1_126' title='bbox 1037 1706 1177 1766; x_wconf 89' lang='lat' dir='ltr'>comitata</span> <span class='ocrx_word' id='word_1_127' title='bbox 1200 1714 1258 1768; x_wconf 76' lang='lat' dir='ltr'>est.</span> 
     </span>
     <span class='ocr_line' id='line_1_15' title="bbox 153 1805 1262 1891; baseline 0.005 -24"><span class='ocrx_word' id='word_1_128' title='bbox 153 1808 239 1868; x_wconf 86' lang='lat' dir='ltr'>Tunc</span> <span class='ocrx_word' id='word_1_129' title='bbox 266 1819 380 1869; x_wconf 89' lang='lat' dir='ltr'>terrore</span> <span class='ocrx_word' id='word_1_130' title='bbox 404 1810 491 1869; x_wconf 90' lang='lat' dir='ltr'>latins</span> <span class='ocrx_word' id='word_1_131' title='bbox 518 1811 599 1883; x_wconf 89' lang='lat' dir='ltr'>dato,</span> <span class='ocrx_word' id='word_1_132' title='bbox 636 1812 823 1872; x_wconf 89' lang='lat' dir='ltr'>turbantibus</span> <span class='ocrx_word' id='word_1_133' title='bbox 851 1811 974 1873; x_wconf 86' lang='lat' dir='ltr'>invicem</span> <span class='ocrx_word' id='word_1_134' title='bbox 1001 1805 1106 1891; x_wconf 85' lang='lat' dir='ltr'>copiis,</span> <span class='ocrx_word' id='word_1_135' title='bbox 1141 1811 1262 1891; x_wconf 86' lang='lat' dir='ltr'>reliqua</span> 
     </span>
     <span class='ocr_line' id='line_1_16' title="bbox 151 1917 1258 1995; baseline 0.003 -20"><span class='ocrx_word' id='word_1_136' title='bbox 151 1924 261 1993; x_wconf 83' lang='lat' dir='ltr'>strages</span> <span class='ocrx_word' id='word_1_137' title='bbox 282 1917 365 1994; x_wconf 91' lang='lat' dir='ltr'>quasi</span> <span class='ocrx_word' id='word_1_138' title='bbox 378 1935 435 1974; x_wconf 91' lang='lat' dir='ltr'>una</span> <span class='ocrx_word' id='word_1_139' title='bbox 448 1936 536 1976; x_wconf 91' lang='lat' dir='ltr'>manu</span> <span class='ocrx_word' id='word_1_140' title='bbox 550 1917 629 1977; x_wconf 87' lang='lat' dir='ltr'>facta</span> <span class='ocrx_word' id='word_1_141' title='bbox 642 1927 697 1977; x_wconf 89' lang='lat' dir='ltr'>est.</span> <span class='ocrx_word' id='word_1_142' title='bbox 741 1919 806 1977; x_wconf 86' lang='lat' dir='ltr'>Neo</span> <span class='ocrx_word' id='word_1_143' title='bbox 823 1917 881 1977; x_wconf 90' lang='lat' dir='ltr'>ulla</span> <span class='ocrx_word' id='word_1_144' title='bbox 894 1937 941 1977; x_wconf 91' lang='lat' dir='ltr'>res</span> <span class='ocrx_word' id='word_1_145' title='bbox 964 1917 1055 1995; x_wconf 88' lang='lat' dir='ltr'>magis</span> <span class='ocrx_word' id='word_1_146' title='bbox 1077 1917 1167 1977; x_wconf 84' lang='lat' dir='ltr'>exitio</span> <span class='ocrx_word' id='word_1_147' title='bbox 1188 1918 1258 1990; x_wconf 85' lang='lat' dir='ltr'>fuit,</span> 
     </span>
     <span class='ocr_line' id='line_1_17' title="bbox 152 2023 1257 2102; baseline 0.001 -21"><span class='ocrx_word' id='word_1_148' title='bbox 152 2041 242 2101; x_wconf 88' lang='lat' dir='ltr'>quam</span> <span class='ocrx_word' id='word_1_149' title='bbox 255 2023 319 2100; x_wconf 91' lang='lat' dir='ltr'>ipsa</span> <span class='ocrx_word' id='word_1_150' title='bbox 331 2023 477 2082; x_wconf 85' lang='lat' dir='ltr'>exercitus</span> <span class='ocrx_word' id='word_1_151' title='bbox 492 2023 674 2101; x_wconf 84' lang='lat' dir='ltr'>magnitudo.</span> <span class='ocrx_word' id='word_1_152' title='bbox 717 2025 833 2083; x_wconf 91' lang='lat' dir='ltr'>Multus</span> <span class='ocrx_word' id='word_1_153' title='bbox 847 2024 877 2082; x_wconf 91' lang='lat' dir='ltr'>in</span> <span class='ocrx_word' id='word_1_154' title='bbox 891 2044 928 2082; x_wconf 91' lang='lat' dir='ltr'>eo</span> <span class='ocrx_word' id='word_1_155' title='bbox 942 2023 1047 2102; x_wconf 75' lang='lat' dir='ltr'>prelio</span> <span class='ocrx_word' id='word_1_156' title='bbox 1071 2025 1181 2094; x_wconf 86' lang='lat' dir='ltr'>Caesar,</span> <span class='ocrx_word' id='word_1_157' title='bbox 1195 2042 1257 2082; x_wconf 64' lang='lat' dir='ltr'>mcv</span> 
     </span>
     <span class='ocr_line' id='line_1_18' title="bbox 150 2126 1260 2207; baseline -0.001 -20"><span class='ocrx_word' id='word_1_158' title='bbox 150 2126 276 2206; x_wconf 79' lang='lat' dir='ltr'>aliusque</span> <span class='ocrx_word' id='word_1_159' title='bbox 299 2127 374 2187; x_wconf 89' lang='lat' dir='ltr'>inter</span> <span class='ocrx_word' id='word_1_160' title='bbox 389 2127 595 2206; x_wconf 86' lang='lat' dir='ltr'>imperatorem</span> <span class='ocrx_word' id='word_1_161' title='bbox 609 2138 640 2188; x_wconf 91' lang='lat' dir='ltr'>et</span> <span class='ocrx_word' id='word_1_162' title='bbox 659 2129 789 2190; x_wconf 86' lang='lat' dir='ltr'>militem.</span> <span class='ocrx_word' id='word_1_163' title='bbox 832 2129 931 2189; x_wconf 89' lang='lat' dir='ltr'>Voces</span> <span class='ocrx_word' id='word_1_164' title='bbox 946 2149 1064 2207; x_wconf 90' lang='lat' dir='ltr'>quoque</span> <span class='ocrx_word' id='word_1_165' title='bbox 1078 2127 1260 2207; x_wconf 76' lang='lat' dir='ltr'>obequitan-</span> 
     </span>
     <span class='ocr_line' id='line_1_19' title="bbox 149 2231 1255 2311; baseline 0 -19"><span class='ocrx_word' id='word_1_166' title='bbox 149 2232 187 2292; x_wconf 90' lang='lat' dir='ltr'>tis</span> <span class='ocrx_word' id='word_1_167' title='bbox 207 2242 352 2311; x_wconf 83' lang='lat' dir='ltr'>exceptae,</span> <span class='ocrx_word' id='word_1_168' title='bbox 373 2234 464 2293; x_wconf 90' lang='lat' dir='ltr'>altera</span> <span class='ocrx_word' id='word_1_169' title='bbox 492 2243 622 2306; x_wconf 86' lang='lat' dir='ltr'>cruenta,</span> <span class='ocrx_word' id='word_1_170' title='bbox 645 2234 697 2294; x_wconf 91' lang='lat' dir='ltr'>sed</span> <span class='ocrx_word' id='word_1_171' title='bbox 720 2235 818 2305; x_wconf 90' lang='lat' dir='ltr'>docta,</span> <span class='ocrx_word' id='word_1_172' title='bbox 840 2243 871 2294; x_wconf 91' lang='lat' dir='ltr'>et</span> <span class='ocrx_word' id='word_1_173' title='bbox 894 2235 932 2294; x_wconf 87' lang='lat' dir='ltr'>ad</span> <span class='ocrx_word' id='word_1_174' title='bbox 961 2234 1113 2294; x_wconf 87' lang='lat' dir='ltr'>victoriam</span> <span class='ocrx_word' id='word_1_175' title='bbox 1137 2231 1255 2311; x_wconf 83' lang='lat' dir='ltr'>efficax,</span> 
     </span>
     <span class='ocr_line' id='line_1_20' title="bbox 151 2322 1256 2418; baseline 0 -21"><span class='ocrx_word' id='word_1_176' title='bbox 151 2338 249 2409; x_wconf 85' lang='lat' dir='ltr'>Miles,</span> <span class='ocrx_word' id='word_1_177' title='bbox 272 2338 377 2397; x_wconf 86' lang='lat' dir='ltr'>faciem</span> <span class='ocrx_word' id='word_1_178' title='bbox 394 2322 473 2398; x_wconf 77' lang='lat' dir='ltr'>ieri:</span> <span class='ocrx_word' id='word_1_179' title='bbox 495 2340 587 2398; x_wconf 88' lang='lat' dir='ltr'>altera</span> <span class='ocrx_word' id='word_1_180' title='bbox 609 2339 647 2398; x_wconf 89' lang='lat' dir='ltr'>ad</span> <span class='ocrx_word' id='word_1_181' title='bbox 658 2339 857 2416; x_wconf 83' lang='lat' dir='ltr'>jactationem</span> <span class='ocrx_word' id='word_1_182' title='bbox 876 2341 1053 2418; x_wconf 89' lang='lat' dir='ltr'>composita,</span> <span class='ocrx_word' id='word_1_183' title='bbox 1076 2341 1169 2400; x_wconf 88' lang='lat' dir='ltr'>Parce</span> <span class='ocrx_word' id='word_1_184' title='bbox 1185 2338 1256 2398; x_wconf 91' lang='lat' dir='ltr'>civi·</span> 
     </span>
    </p>
   </div>
   <div class='ocr_carea' id='block_1_2' title="bbox 42 2443 1255 2523">
    <p class='ocr_par' dir='ltr' id='par_1_2' title="bbox 42 2443 1255 2523">
     <span class='ocr_line' id='line_1_21' title="bbox 42 2443 1255 2523; baseline 0.001 -21"><span class='ocrx_word' id='word_1_185' title='bbox 42 2464 62 2470; x_wconf 69' lang='grc'>·’</span> <span class='ocrx_word' id='word_1_186' title='bbox 150 2443 226 2505; x_wconf 90' lang='lat' dir='ltr'>bus:</span> <span class='ocrx_word' id='word_1_187' title='bbox 249 2444 399 2522; x_wconf 88' lang='lat' dir='ltr'>cumipse</span> <span class='ocrx_word' id='word_1_188' title='bbox 428 2456 610 2522; x_wconf 89' lang='lat' dir='ltr'>sequeretur.</span> <span class='ocrx_word' id='word_1_189' title='bbox 666 2446 794 2506; x_wconf 87' lang='lat' dir='ltr'>Felicem</span> <span class='ocrx_word' id='word_1_190' title='bbox 821 2455 973 2523; x_wconf 89' lang='lat' dir='ltr'>utcunque</span> <span class='ocrx_word' id='word_1_191' title='bbox 1001 2445 1031 2503; x_wconf 94' lang='lat' dir='ltr'>in</span> <span class='ocrx_word' id='word_1_192' title='bbox 1056 2445 1140 2505; x_wconf 89' lang='lat' dir='ltr'>malis</span> <span class='ocrx_word' id='word_1_193' title='bbox 1165 2445 1255 2506; x_wconf 76' lang='lat' dir='ltr'>Pom.</span> 
     </span>
    </p>
   </div>
   <div class='ocr_carea' id='block_1_3' title="bbox 146 2550 1309 3065">
    <p class='ocr_par' dir='ltr' id='par_1_3' title="bbox 146 2550 1309 3065">
     <span class='ocr_line' id='line_1_22' title="bbox 149 2550 1253 2629; baseline 0.003 -20"><span class='ocrx_word' id='word_1_194' title='bbox 149 2551 261 2629; x_wconf 86' lang='lat' dir='ltr'>peinm,</span> <span class='ocrx_word' id='word_1_195' title='bbox 283 2550 308 2610; x_wconf 83' lang='lat' dir='ltr'>si</span> <span class='ocrx_word' id='word_1_196' title='bbox 329 2551 431 2609; x_wconf 88' lang='lat' dir='ltr'>eadem</span> <span class='ocrx_word' id='word_1_197' title='bbox 456 2552 560 2628; x_wconf 88' lang='lat' dir='ltr'>ipsum,</span> <span class='ocrx_word' id='word_1_198' title='bbox 582 2572 649 2628; x_wconf 85' lang='lat' dir='ltr'>quae</span> <span class='ocrx_word' id='word_1_199' title='bbox 674 2552 834 2610; x_wconf 81' lang='lat' dir='ltr'>exercitum</span> <span class='ocrx_word' id='word_1_200' title='bbox 860 2553 936 2628; x_wconf 88' lang='lat' dir='ltr'>ejus,</span> <span class='ocrx_word' id='word_1_201' title='bbox 958 2550 1078 2610; x_wconf 87' lang='lat' dir='ltr'>fortuna</span> <span class='ocrx_word' id='word_1_202' title='bbox 1104 2550 1253 2612; x_wconf 85' lang='lat' dir='ltr'>traxisset.</span> 
     </span>
     <span class='ocr_line' id='line_1_23' title="bbox 148 2655 1254 2734; baseline -0.003 -18"><span class='ocrx_word' id='word_1_203' title='bbox 148 2657 303 2734; x_wconf 88' lang='lat' dir='ltr'>Superstes</span> <span class='ocrx_word' id='word_1_204' title='bbox 314 2655 450 2734; x_wconf 85' lang='lat' dir='ltr'>dignitati</span> <span class='ocrx_word' id='word_1_205' title='bbox 465 2677 524 2716; x_wconf 88' lang='lat' dir='ltr'>suae</span> <span class='ocrx_word' id='word_1_206' title='bbox 539 2657 620 2728; x_wconf 85' lang='lat' dir='ltr'>vixit,</span> <span class='ocrx_word' id='word_1_207' title='bbox 642 2665 676 2717; x_wconf 92' lang='lat' dir='ltr'>ut</span> <span class='ocrx_word' id='word_1_208' title='bbox 696 2678 763 2717; x_wconf 90' lang='lat' dir='ltr'>cum</span> <span class='ocrx_word' id='word_1_209' title='bbox 785 2657 897 2734; x_wconf 92' lang='lat' dir='ltr'>majore</span> <span class='ocrx_word' id='word_1_210' title='bbox 921 2657 1069 2716; x_wconf 88' lang='lat' dir='ltr'>dedecore</span> <span class='ocrx_word' id='word_1_211' title='bbox 1082 2675 1137 2733; x_wconf 87' lang='lat' dir='ltr'>per</span> <span class='ocrx_word' id='word_1_212' title='bbox 1154 2655 1254 2719; x_wconf 77' lang='lat' dir='ltr'>Tires-</span> 
     </span>
     <span class='ocr_line' id='line_1_24' title="bbox 148 2761 1252 2841; baseline 0 -19"><span class='ocrx_word' id='word_1_213' title='bbox 148 2764 239 2822; x_wconf 88' lang='lat' dir='ltr'>salica</span> <span class='ocrx_word' id='word_1_214' title='bbox 253 2763 367 2840; x_wconf 88' lang='lat' dir='ltr'>Tempe</span> <span class='ocrx_word' id='word_1_215' title='bbox 379 2781 457 2840; x_wconf 92' lang='lat' dir='ltr'>equo</span> <span class='ocrx_word' id='word_1_216' title='bbox 471 2762 595 2841; x_wconf 85' lang='lat' dir='ltr'>fugeret,</span> <span class='ocrx_word' id='word_1_217' title='bbox 611 2763 715 2840; x_wconf 90' lang='lat' dir='ltr'>pulsus</span> <span class='ocrx_word' id='word_1_218' title='bbox 730 2762 864 2833; x_wconf 89' lang='lat' dir='ltr'>Larissa;</span> <span class='ocrx_word' id='word_1_219' title='bbox 880 2761 909 2820; x_wconf 93' lang='lat' dir='ltr'>in</span> <span class='ocrx_word' id='word_1_220' title='bbox 923 2761 1040 2821; x_wconf 90' lang='lat' dir='ltr'>deserto</span> <span class='ocrx_word' id='word_1_221' title='bbox 1055 2761 1169 2821; x_wconf 82' lang='lat' dir='ltr'>Ciliciae</span> <span class='ocrx_word' id='word_1_222' title='bbox 1184 2781 1252 2822; x_wconf 86' lang='lat' dir='ltr'>sco.</span> 
     </span>
     <span class='ocr_line' id='line_1_25' title="bbox 148 2867 1253 2948; baseline -0.001 -20"><span class='ocrx_word' id='word_1_223' title='bbox 148 2870 237 2947; x_wconf 79' lang='lat' dir='ltr'>pulo-3</span> <span class='ocrx_word' id='word_1_224' title='bbox 259 2869 400 2948; x_wconf 82' lang='lat' dir='ltr'>sugamia</span> <span class='ocrx_word' id='word_1_225' title='bbox 414 2870 550 2941; x_wconf 90' lang='lat' dir='ltr'>Parthos,</span> <span class='ocrx_word' id='word_1_226' title='bbox 566 2868 708 2940; x_wconf 84' lang='lat' dir='ltr'>Africam,</span> <span class='ocrx_word' id='word_1_227' title='bbox 724 2869 772 2927; x_wconf 88' lang='lat' dir='ltr'>vel</span> <span class='ocrx_word' id='word_1_228' title='bbox 783 2870 943 2947; x_wconf 77' lang='lat' dir='ltr'>AEgyptum</span> <span class='ocrx_word' id='word_1_229' title='bbox 956 2868 1101 2946; x_wconf 90' lang='lat' dir='ltr'>agitaret:</span> <span class='ocrx_word' id='word_1_230' title='bbox 1125 2875 1158 2927; x_wconf 88' lang='lat' dir='ltr'>ut</span> <span class='ocrx_word' id='word_1_231' title='bbox 1169 2867 1253 2928; x_wconf 55' lang='lat' dir='ltr'>deni*</span> 
     </span>
     <span class='ocr_line' id='line_1_26' title="bbox 146 2974 1309 3065; baseline 0.001 -33"><span class='ocrx_word' id='word_1_232' title='bbox 146 2994 206 3051; x_wconf 91' lang='lat' dir='ltr'>qne</span> <span class='ocrx_word' id='word_1_233' title='bbox 220 2974 250 3033; x_wconf 92' lang='lat' dir='ltr'>in</span> <span class='ocrx_word' id='word_1_234' title='bbox 264 2975 417 3035; x_wconf 89' lang='lat' dir='ltr'>Pelusiaco</span> <span class='ocrx_word' id='word_1_235' title='bbox 427 2976 536 3048; x_wconf 88' lang='lat' dir='ltr'>littore,</span> <span class='ocrx_word' id='word_1_236' title='bbox 552 2975 674 3054; x_wconf 84' lang='lat' dir='ltr'>imperio</span> <span class='ocrx_word' id='word_1_237' title='bbox 686 2974 817 3035; x_wconf 89' lang='lat' dir='ltr'>vilissimi</span> <span class='ocrx_word' id='word_1_238' title='bbox 827 2976 914 3052; x_wconf 91' lang='lat' dir='ltr'>regis,</span> <span class='ocrx_word' id='word_1_239' title='bbox 927 2974 1055 3034; x_wconf 91' lang='lat' dir='ltr'>consiliis</span> <span class='ocrx_word' id='word_1_240' title='bbox 1071 2975 1251 3054; x_wconf 83' lang='lat' dir='ltr'>spadonum,</span> <span class='ocrx_word' id='word_1_241' title='bbox 1302 3053 1309 3065; x_wconf 95' lang='lat'><strong><em>.</em></strong></span> 
     </span>
    </p>
   </div>
   <div class='ocr_carea' id='block_1_4' title="bbox 39 3064 1249 3158">
    <p class='ocr_par' dir='ltr' id='par_1_4' title="bbox 39 3064 1249 3158">
     <span class='ocr_line' id='line_1_27' title="bbox 39 3064 1249 3158; baseline 0.002 -19"><span class='ocrx_word' id='word_1_242' title='bbox 39 3064 43 3072; x_wconf 42' lang='grc'>’</span> <span class='ocrx_word' id='word_1_243' title='bbox 146 3089 185 3152; x_wconf 90' lang='lat' dir='ltr'>et,</span> <span class='ocrx_word' id='word_1_244' title='bbox 208 3100 245 3140; x_wconf 89' lang='lat' dir='ltr'>ne</span> <span class='ocrx_word' id='word_1_245' title='bbox 258 3080 330 3158; x_wconf 91' lang='lat' dir='ltr'>quid</span> <span class='ocrx_word' id='word_1_246' title='bbox 346 3081 429 3140; x_wconf 89' lang='lat' dir='ltr'>malis</span> <span class='ocrx_word' id='word_1_247' title='bbox 442 3081 529 3152; x_wconf 88' lang='lat' dir='ltr'>desit,</span> <span class='ocrx_word' id='word_1_248' title='bbox 552 3080 687 3158; x_wconf 88' lang='lat' dir='ltr'>Septimii</span> <span class='ocrx_word' id='word_1_249' title='bbox 708 3080 866 3139; x_wconf 88' lang='lat' dir='ltr'>desertoris</span> <span class='ocrx_word' id='word_1_250' title='bbox 882 3080 927 3138; x_wconf 91' lang='lat' dir='ltr'>sui</span> <span class='ocrx_word' id='word_1_251' title='bbox 950 3079 1049 3158; x_wconf 91' lang='lat' dir='ltr'>gladio</span> <span class='ocrx_word' id='word_1_252' title='bbox 1074 3080 1249 3154; x_wconf 89' lang='lat' dir='ltr'>trucidatus,</span> 
     </span>
    </p>
   </div>
   <div class='ocr_carea' id='block_1_5' title="bbox 66 3186 1294 4429">
    <p class='ocr_par' dir='ltr' id='par_1_5' title="bbox 146 3186 1288 3270">
     <span class='ocr_line' id='line_1_28' title="bbox 146 3186 1288 3270; baseline 0.003 -25"><span class='ocrx_word' id='word_1_253' title='bbox 146 3186 310 3246; x_wconf 85' lang='lat' dir='ltr'>subuculis</span> <span class='ocrx_word' id='word_1_254' title='bbox 325 3188 423 3246; x_wconf 78' lang='lat' dir='ltr'>uxoris</span> <span class='ocrx_word' id='word_1_255' title='bbox 438 3207 499 3246; x_wconf 83' lang='lat' dir='ltr'>suae</span> <span class='ocrx_word' id='word_1_256' title='bbox 514 3188 734 3264; x_wconf 83' lang='lat' dir='ltr'>liberorumque</span> <span class='ocrx_word' id='word_1_257' title='bbox 755 3195 929 3246; x_wconf 88' lang='lat' dir='ltr'>moreretur.</span> <span class='ocrx_word' id='word_1_258' title='bbox 971 3187 1048 3254; x_wconf 86' lang='lat' dir='ltr'>Quis</span> <span class='ocrx_word' id='word_1_259' title='bbox 1070 3207 1128 3244; x_wconf 91' lang='lat' dir='ltr'>non</span> <span class='ocrx_word' id='word_1_260' title='bbox 1144 3205 1250 3263; x_wconf 90' lang='lat' dir='ltr'>perac·</span> <span class='ocrx_word' id='word_1_261' title='bbox 1286 3267 1288 3270; x_wconf 7' lang='lat' dir='ltr'>y</span> 
     </span>
    </p>

    <p class='ocr_par' dir='ltr' id='par_1_6' title="bbox 66 3290 1294 4429">
     <span class='ocr_line' id='line_1_29' title="bbox 144 3290 1248 3368; baseline 0.001 -18"><span class='ocrx_word' id='word_1_262' title='bbox 144 3300 207 3351; x_wconf 85' lang='lat' dir='ltr'>turn</span> <span class='ocrx_word' id='word_1_263' title='bbox 230 3312 294 3352; x_wconf 89' lang='lat' dir='ltr'>esse</span> <span class='ocrx_word' id='word_1_264' title='bbox 316 3312 386 3351; x_wconf 86' lang='lat' dir='ltr'>curn</span> <span class='ocrx_word' id='word_1_265' title='bbox 410 3292 552 3368; x_wconf 84' lang='lat' dir='ltr'>Pompeio</span> <span class='ocrx_word' id='word_1_266' title='bbox 576 3291 712 3350; x_wconf 89' lang='lat' dir='ltr'>crederet</span> <span class='ocrx_word' id='word_1_267' title='bbox 736 3291 871 3351; x_wconf 80' lang='lat' dir='ltr'>belluml</span> <span class='ocrx_word' id='word_1_268' title='bbox 913 3292 1014 3368; x_wconf 80' lang='lat' dir='ltr'>Atque</span> <span class='ocrx_word' id='word_1_269' title='bbox 1038 3290 1134 3350; x_wconf 90' lang='lat' dir='ltr'>acrius</span> <span class='ocrx_word' id='word_1_270' title='bbox 1148 3291 1248 3351; x_wconf 87' lang='lat' dir='ltr'>multo</span> 
     </span>
     <span class='ocr_line' id='line_1_30' title="bbox 117 3376 1248 3476; baseline -0.001 -17"><span class='ocrx_word' id='word_1_271' title='bbox 117 3376 119 3386; x_wconf 36' lang='lat'>¹</span> <span class='ocrx_word' id='word_1_272' title='bbox 143 3404 234 3476; x_wconf 83' lang='lat' dir='ltr'>atque</span> <span class='ocrx_word' id='word_1_273' title='bbox 250 3398 452 3458; x_wconf 86' lang='lat' dir='ltr'>vehementius</span> <span class='ocrx_word' id='word_1_274' title='bbox 475 3397 639 3457; x_wconf 87' lang='lat' dir='ltr'>Thessalici</span> <span class='ocrx_word' id='word_1_275' title='bbox 660 3398 789 3457; x_wconf 90' lang='lat' dir='ltr'>incendii</span> <span class='ocrx_word' id='word_1_276' title='bbox 817 3399 930 3456; x_wconf 90' lang='lat' dir='ltr'>cineres</span> <span class='ocrx_word' id='word_1_277' title='bbox 950 3398 1110 3457; x_wconf 85' lang='lat' dir='ltr'>recaluere.</span> <span class='ocrx_word' id='word_1_278' title='bbox 1150 3399 1192 3457; x_wconf 89' lang='lat' dir='ltr'>Et</span> <span class='ocrx_word' id='word_1_279' title='bbox 1215 3398 1248 3459; x_wconf 91' lang='lat' dir='ltr'>in</span> 
     </span>
     <span class='ocr_line' id='line_1_31' title="bbox 144 3502 1247 3583; baseline -0.002 -20"><span class='ocrx_word' id='word_1_280' title='bbox 144 3502 274 3583; x_wconf 84' lang='lat' dir='ltr'>AEgypto</span> <span class='ocrx_word' id='word_1_281' title='bbox 290 3505 407 3583; x_wconf 90' lang='lat' dir='ltr'>quidem</span> <span class='ocrx_word' id='word_1_282' title='bbox 419 3505 559 3565; x_wconf 91' lang='lat' dir='ltr'>adversus</span> <span class='ocrx_word' id='word_1_283' title='bbox 571 3506 720 3564; x_wconf 79' lang='lat' dir='ltr'>Caesarem</span> <span class='ocrx_word' id='word_1_284' title='bbox 735 3504 797 3563; x_wconf 89' lang='lat' dir='ltr'>sine</span> <span class='ocrx_word' id='word_1_285' title='bbox 812 3503 948 3582; x_wconf 89' lang='lat' dir='ltr'>partibus</span> <span class='ocrx_word' id='word_1_286' title='bbox 960 3504 1083 3562; x_wconf 88' lang='lat' dir='ltr'>bellurn.</span> <span class='ocrx_word' id='word_1_287' title='bbox 1126 3502 1247 3580; x_wconf 81' lang='lat' dir='ltr'>Quippe</span> 
     </span>
     <span class='ocr_line' id='line_1_32' title="bbox 143 3608 1248 3690; baseline -0.003 -23"><span class='ocrx_word' id='word_1_288' title='bbox 143 3628 212 3667; x_wconf 82' lang='lat' dir='ltr'>curn</span> <span class='ocrx_word' id='word_1_289' title='bbox 228 3610 402 3668; x_wconf 78' lang='lat' dir='ltr'>Ptolemaeus</span> <span class='ocrx_word' id='word_1_290' title='bbox 418 3630 469 3669; x_wconf 86' lang='lat' dir='ltr'>rex</span> <span class='ocrx_word' id='word_1_291' title='bbox 483 3609 681 3680; x_wconf 77' lang='lat' dir='ltr'>Alexandrian,</span> <span class='ocrx_word' id='word_1_292' title='bbox 698 3629 842 3690; x_wconf 86' lang='lat' dir='ltr'>summum</span> <span class='ocrx_word' id='word_1_293' title='bbox 857 3609 949 3667; x_wconf 89' lang='lat' dir='ltr'>civilis</span> <span class='ocrx_word' id='word_1_294' title='bbox 964 3608 1034 3666; x_wconf 94' lang='lat' dir='ltr'>belli</span> <span class='ocrx_word' id='word_1_295' title='bbox 1052 3608 1147 3666; x_wconf 90' lang='lat' dir='ltr'>scelus</span> <span class='ocrx_word' id='word_1_296' title='bbox 1160 3626 1248 3684; x_wconf 89' lang='lat' dir='ltr'>pere.</span> 
     </span>
     <span class='ocr_line' id='line_1_33' title="bbox 142 3709 1246 3792; baseline -0.003 -19"><span class='ocrx_word' id='word_1_297' title='bbox 142 3715 242 3792; x_wconf 88' lang='lat' dir='ltr'>gisset,</span> <span class='ocrx_word' id='word_1_298' title='bbox 263 3709 421 3792; x_wconf 74' lang='lat' dir='ltr'>ioedusq&#39;ue</span> <span class='ocrx_word' id='word_1_299' title='bbox 435 3715 571 3774; x_wconf 71' lang='lat' dir='ltr'>amicitia</span> <span class='ocrx_word' id='word_1_300' title='bbox 588 3735 655 3774; x_wconf 88' lang='lat' dir='ltr'>cunr</span> <span class='ocrx_word' id='word_1_301' title='bbox 671 3715 788 3774; x_wconf 88' lang='lat' dir='ltr'>Caesare</span> <span class='ocrx_word' id='word_1_302' title='bbox 800 3714 898 3773; x_wconf 88' lang='lat' dir='ltr'>medio</span> <span class='ocrx_word' id='word_1_303' title='bbox 913 3712 1048 3790; x_wconf 91' lang='lat' dir='ltr'>Pompeii</span> <span class='ocrx_word' id='word_1_304' title='bbox 1061 3712 1159 3790; x_wconf 89' lang='lat' dir='ltr'>capite</span> <span class='ocrx_word' id='word_1_305' title='bbox 1179 3731 1246 3771; x_wconf 90' lang='lat' dir='ltr'>san·</span> 
     </span>
     <span class='ocr_line' id='line_1_34' title="bbox 141 3820 1245 3896; baseline -0.001 -16"><span class='ocrx_word' id='word_1_306' title='bbox 141 3820 243 3893; x_wconf 88' lang='lat' dir='ltr'>xisset,</span> <span class='ocrx_word' id='word_1_307' title='bbox 264 3821 405 3880; x_wconf 87' lang='lat' dir='ltr'>ultionem</span> <span class='ocrx_word' id='word_1_308' title='bbox 420 3822 494 3880; x_wconf 92' lang='lat' dir='ltr'>tanti</span> <span class='ocrx_word' id='word_1_309' title='bbox 511 3821 565 3880; x_wconf 91' lang='lat' dir='ltr'>viri</span> <span class='ocrx_word' id='word_1_310' title='bbox 591 3821 725 3880; x_wconf 89' lang='lat' dir='ltr'>manibus</span> <span class='ocrx_word' id='word_1_311' title='bbox 750 3829 899 3896; x_wconf 81' lang='lat' dir='ltr'>quaerente</span> <span class='ocrx_word' id='word_1_312' title='bbox 925 3820 1052 3889; x_wconf 84' lang='lat' dir='ltr'>fortuna,</span> <span class='ocrx_word' id='word_1_313' title='bbox 1074 3837 1164 3876; x_wconf 91' lang='lat' dir='ltr'>causa</span> <span class='ocrx_word' id='word_1_314' title='bbox 1184 3838 1245 3879; x_wconf 90' lang='lat' dir='ltr'>nou</span> 
     </span>
     <span class='ocr_line' id='line_1_35' title="bbox 141 3923 1243 4004; baseline 0 -20"><span class='ocrx_word' id='word_1_315' title='bbox 141 3925 247 3987; x_wconf 89' lang='lat' dir='ltr'>defuit.</span> <span class='ocrx_word' id='word_1_316' title='bbox 290 3927 450 4004; x_wconf 85' lang='lat' dir='ltr'>Cleopatra</span> <span class='ocrx_word' id='word_1_317' title='bbox 473 3927 550 4002; x_wconf 89' lang='lat' dir='ltr'>regis</span> <span class='ocrx_word' id='word_1_318' title='bbox 579 3946 661 3985; x_wconf 89' lang='lat' dir='ltr'>soror</span> <span class='ocrx_word' id='word_1_319' title='bbox 683 3926 778 3985; x_wconf 89' lang='lat' dir='ltr'>affusa</span> <span class='ocrx_word' id='word_1_320' title='bbox 806 3925 932 3985; x_wconf 90' lang='lat' dir='ltr'>Caesaris</span> <span class='ocrx_word' id='word_1_321' title='bbox 963 3923 1097 4003; x_wconf 87' lang='lat' dir='ltr'>genibus,</span> <span class='ocrx_word' id='word_1_322' title='bbox 1128 3931 1243 4001; x_wconf 87' lang='lat' dir='ltr'>partem</span> 
     </span>
     <span class='ocr_line' id='line_1_36' title="bbox 66 4028 1245 4111; baseline -0.001 -20"><span class='ocrx_word' id='word_1_323' title='bbox 66 4028 67 4036; x_wconf 66' lang='grc'>’</span> <span class='ocrx_word' id='word_1_324' title='bbox 139 4033 222 4111; x_wconf 83' lang='lat' dir='ltr'>regni</span> <span class='ocrx_word' id='word_1_325' title='bbox 242 4033 429 4110; x_wconf 87' lang='lat' dir='ltr'>reposcebat.</span> <span class='ocrx_word' id='word_1_326' title='bbox 472 4033 589 4092; x_wconf 87' lang='lat' dir='ltr'>Aderat</span> <span class='ocrx_word' id='word_1_327' title='bbox 609 4033 716 4111; x_wconf 86' lang='lat' dir='ltr'>puellae</span> <span class='ocrx_word' id='word_1_328' title='bbox 732 4033 835 4103; x_wconf 78' lang='lat' dir='ltr'>forma,</span> <span class='ocrx_word' id='word_1_329' title='bbox 858 4042 889 4092; x_wconf 90' lang='lat' dir='ltr'>et</span> <span class='ocrx_word' id='word_1_330' title='bbox 904 4052 969 4110; x_wconf 78' lang='lat' dir='ltr'>quse</span> <span class='ocrx_word' id='word_1_331' title='bbox 992 4031 1194 4109; x_wconf 90' lang='lat' dir='ltr'>duplicaretur</span> <span class='ocrx_word' id='word_1_332' title='bbox 1207 4051 1245 4090; x_wconf 86' lang='lat' dir='ltr'>ex</span> 
     </span>
     <span class='ocr_line' id='line_1_37' title="bbox 139 4135 1245 4218; baseline -0.005 -20"><span class='ocrx_word' id='word_1_333' title='bbox 139 4140 200 4211; x_wconf 90' lang='lat' dir='ltr'>illo,</span> <span class='ocrx_word' id='word_1_334' title='bbox 223 4138 305 4218; x_wconf 91' lang='lat' dir='ltr'>quod</span> <span class='ocrx_word' id='word_1_335' title='bbox 320 4136 386 4197; x_wconf 89' lang='lat' dir='ltr'>talis</span> <span class='ocrx_word' id='word_1_336' title='bbox 406 4156 495 4216; x_wconf 91' lang='lat' dir='ltr'>passa</span> <span class='ocrx_word' id='word_1_337' title='bbox 509 4138 668 4199; x_wconf 86' lang='lat' dir='ltr'>videbatur</span> <span class='ocrx_word' id='word_1_338' title='bbox 684 4137 836 4216; x_wconf 89' lang='lat' dir='ltr'>injuriam:</span> <span class='ocrx_word' id='word_1_339' title='bbox 859 4136 961 4195; x_wconf 89' lang='lat' dir='ltr'>odium</span> <span class='ocrx_word' id='word_1_340' title='bbox 975 4135 1067 4214; x_wconf 90' lang='lat' dir='ltr'>ipsius</span> <span class='ocrx_word' id='word_1_341' title='bbox 1083 4136 1169 4212; x_wconf 87' lang='lat' dir='ltr'>regis,</span> <span class='ocrx_word' id='word_1_342' title='bbox 1191 4135 1245 4213; x_wconf 93' lang='lat' dir='ltr'>qui</span> 
     </span>
     <span class='ocr_line' id='line_1_38' title="bbox 141 4241 1244 4324; baseline -0.002 -19"><span class='ocrx_word' id='word_1_343' title='bbox 141 4243 274 4324; x_wconf 82' lang='lat' dir='ltr'>Pompeii</span> <span class='ocrx_word' id='word_1_344' title='bbox 294 4243 407 4304; x_wconf 87' lang='lat' dir='ltr'>caedem</span> <span class='ocrx_word' id='word_1_345' title='bbox 428 4244 555 4323; x_wconf 87' lang='lat' dir='ltr'>partium</span> <span class='ocrx_word' id='word_1_346' title='bbox 578 4245 650 4315; x_wconf 81' lang='lat' dir='ltr'>fato,</span> <span class='ocrx_word' id='word_1_347' title='bbox 673 4262 732 4303; x_wconf 90' lang='lat' dir='ltr'>non</span> <span class='ocrx_word' id='word_1_348' title='bbox 761 4243 869 4304; x_wconf 86' lang='lat' dir='ltr'>Caesari</span> <span class='ocrx_word' id='word_1_349' title='bbox 892 4242 1028 4323; x_wconf 86' lang='lat' dir='ltr'>dederat,</span> <span class='ocrx_word' id='word_1_350' title='bbox 1050 4241 1130 4321; x_wconf 88' lang='lat' dir='ltr'>baud</span> <span class='ocrx_word' id='word_1_351' title='bbox 1152 4241 1244 4303; x_wconf 81' lang='lat' dir='ltr'>dubie</span> 
     </span>
     <span class='ocr_line' id='line_1_39' title="bbox 140 4347 1294 4429; baseline 0.002 -20"><span class='ocrx_word' id='word_1_352' title='bbox 140 4351 218 4411; x_wconf 87' lang='lat' dir='ltr'>idem</span> <span class='ocrx_word' id='word_1_353' title='bbox 234 4350 267 4409; x_wconf 83' lang='lat' dir='ltr'>in</span> <span class='ocrx_word' id='word_1_354' title='bbox 278 4350 374 4428; x_wconf 88' lang='lat' dir='ltr'>ipsum</span> <span class='ocrx_word' id='word_1_355' title='bbox 388 4367 511 4409; x_wconf 84' lang='lat' dir='ltr'>ausurus</span> <span class='ocrx_word' id='word_1_356' title='bbox 538 4348 564 4408; x_wconf 90' lang='lat' dir='ltr'>si</span> <span class='ocrx_word' id='word_1_357' title='bbox 588 4349 770 4429; x_wconf 81' lang='lat' dir='ltr'>expedisset.</span> <span class='ocrx_word' id='word_1_358' title='bbox 809 4350 910 4419; x_wconf 73' lang='lat' dir='ltr'>Quam</span> <span class='ocrx_word' id='word_1_359' title='bbox 935 4349 989 4410; x_wconf 88' lang='lat' dir='ltr'>ubi</span> <span class='ocrx_word' id='word_1_360' title='bbox 1010 4349 1112 4410; x_wconf 77' lang='lat' dir='ltr'>Caesar</span> <span class='ocrx_word' id='word_1_361' title='bbox 1125 4347 1243 4412; x_wconf 83' lang='lat' dir='ltr'>restitui</span> <span class='ocrx_word' id='word_1_362' title='bbox 1291 4405 1294 4411; x_wconf 91' lang='lat'>.</span> 
     </span>
    </p>
   </div>
   <div class='ocr_carea' id='block_1_6' title="bbox 0 0 1396 4860">
    <p class='ocr_par' dir='ltr' id='par_1_7' title="bbox 0 0 1396 4860">
     <span class='ocr_line' id='line_1_40' title="bbox 0 0 1396 4860; baseline 0 5"><span class='ocrx_word' id='word_1_363' title='bbox 0 0 1396 4860; x_wconf 95' lang='lat' dir='ltr'> </span> 
     </span>
    </p>
   </div>
  </div>
 </body>
</html>
