2784 4860
154 362 222 428 5³6
457 360 954 429 SUPPLEMEN'I'UII

156 537 298 604 Insidiae
314 537 468 601 clausere
481 537 569 601 vias.
585 537 734 620 ignoscit
746 539 875 623 ubique

155 650 399 735 Supplicibus3
421 669 500 713 cum
514 650 609 715 nulla
621 651 716 716 videt
728 656 856 717 restare
869 650 1013 735 pericla,

154 764 312 847 Tutaque
326 762 464 827 fortuna
478 763 571 829 facta
585 768 639 828 est
656 762 837 829 blementia
848 768 956 831 tanta

154 874 239 941 Inde
256 875 394 941 Uticam
409 876 547 941 advenit
562 876 692 954 Caesar,
706 876 848 962 fatoque
862 875 1007 943 Catonis

152 985 281 1053 Audito
296 989 480 1071 ingemuit3
503 994 724 1073 questusque,
739 992 786 1054 nb
799 988 926 1065 invide,
940 986 1045 1065 dixit,
1169 1012 1177 1021 ’

152 1098 222 1164 Cur
237 1100 317 1164 odio
332 1102 473 1165 moreris
487 1102 621 1165 nostrii
643 1102 818 1185 vitamque
832 1098 998 1181 relinquis

152 1210 209 1277 Ne
222 1232 292 1278 non
308 1211 478 1278 Caesareae
492 1213 638 1276 bonitati
652 1214 777 1296 injuria
790 1212 874 1274 dati

150 1322 233 1390 Heu
247 1325 310 1389 tibi
325 1324 474 1389 crudelis
487 1322 629 1386 nimium
642 1319 820 1384 moriendo
834 1318 942 1394 fuisti,

150 1435 199 1502 Ut
212 1435 387 1501 moriendo
402 1434 486 1497 mihi
499 1452 623 1517 posses
639 1428 808 1497 crudelior
820 1448 910 1494 csse.
1011 1472 1015 1477 -

149 1547 276 1614 Durior
290 1546 438 1625 interitu,
456 1564 560 1629 quam
573 1545 645 1609 vita
659 1543 830 1635 armisque
843 1540 951 1618 fuisti,
1075 1584 1079 1589 -

150 1659 275 1726 Hostis
291 1680 329 1723 es
342 1681 351 1741 3
374 1664 476 1742 atque
492 1658 609 1723 odium
623 1655 742 1733 nostri,
757 1653 851 1738 quod
865 1652 1032 1737 sunnine
1045 1660 1171 1723 nostro

150 1772 234 1839 Non
248 1772 392 1856 petiisti
407 1790 569 1856 unquam,
583 1768 724 1836 voluisti
737 1767 902 1850 sanguine
916 1766 1040 1833 saltem

148 1880 252 1948 Nunc
268 1883 392 1947 satiare
407 1888 479 1960 tuo,
495 1889 596 1966 teque
611 1882 725 1966 ipsum
738 1879 933 1964 impendere
947 1878 1077 1946 damno

148 1993 311 2060 Caesaris.
326 1995 435 2059 evitas
450 2000 614 2072 nostrum,
630 1992 788 2071 crudelis,
804 1992 966 2071 amc'rer'n,
1021 2014 1025 2021 ·

146 2102 196 2168 Ut
208 2104 338 2168 luctum
353 2103 474 2171 facias.
490 2105 571 2169 mihi
587 2102 670 2188 quid
686 2103 867 2169 clementia
880 2104 1034 2188 prodest,
1064 2106 1067 2111 '
1087 2106 1092 2117 '
1190 2120 1195 2129 ·

146 2215 211 2281 Cui
225 2235 296 2280 non
311 2212 460 2281 Romani
474 2216 630 2281 dubitant
643 2236 843 2300 praeponere
856 2216 1026 2280 mortem'i
1230 2218 1233 2223 '

144 2327 275 2392 Infelix
291 2304 440 2409 Magnus
455 2346 532 2392 sese
548 2328 757 2392 committere
771 2326 883 2392 fraudi
981 2356 988 2367 ·

18 2480 23 2487 ·
144 2440 341 2505 Barbaricae
357 2436 472 2522 potius
488 2459 591 2523 quam
605 2444 722 2505 nostro
738 2436 841 2523 elegit
854 2438 973 2504 amori.

14 2588 18 2597 ι
143 2549 213 2614 Sed
228 2556 341 2613 tamen
356 2548 414 2614 ille
430 2570 513 2615 suas
528 2570 671 2634 sperans
680 2570 838 2635 reparare
850 2549 968 2614 ruinas
1024 2552 1027 2557 '

142 2658 322 2724 Auxilium
338 2661 455 2740 infido,
470 2682 539 2726 non
552 2668 706 2741 mortem,
721 2682 744 2726 a
758 2660 855 2743 Rege
869 2660 1001 2744 petivit,

144 2769 258 2849 Quam
272 2776 385 2834 tamen
395 2746 526 2835 invitus
542 2772 657 2836 subiit.
679 2778 717 2835 tu
732 2777 855 2855 sponte
869 2772 989 2856 peristi

142 2880 314 2947 Invidiam
326 2881 457 2945 facture
466 2880 565 2944 mihi.
581 2881 643 2945 sed
658 2881 811 2946 detrahet
823 2882 920 2947 illam

141 2992 324 3070 Invidiam,
340 2998 375 3057 et
389 3012 470 3076 spes
485 2992 631 3078 injustas
647 2992 828 3059 clementia
843 2994 968 3060 vincet.

143 3101 289 3167 Deflebo
305 3101 418 3179 funus,
434 3104 618 3185 natumque
633 3102 820 3186 amplectar
832 3100 980 3187 honore;

141 3212 219 3278 Nec
234 3233 288 3278 me
305 3213 476 3277 crudelem
490 3213 582 3278 victo
598 3212 671 3278 iore
686 3214 810 3278 sentiet
822 3213 936 3282 Orbis.
1007 3218 1015 3227 '

184 3325 281 3390 Dans
296 3325 432 3389 veniam
447 3323 567 3389 Caesar
580 3324 709 3390 timidis
726 3324 958 3406 Uticensibus,
970 3348 1094 3412 agmen
1118 3380 1121 3385 .

141 3438 326 3503 Defessum
340 3437 459 3515 reficit,
474 3436 681 3522 paulumque
695 3440 847 3501 moratus
860 3438 897 3503 in
908 3438 992 3504 urbe

142 3548 356 3614 Munimenta
370 3548 502 3625 videns,
519 3548 752 3632 circumspicit
763 3548 1035 3634 undique-latam
1068 3530 1078 3543 ⁸
1165 3582 1171 3599 ι

141 3659 336 3725 Planitiem.
353 3680 461 3745 prope
477 3659 566 3724 silva
580 3660 673 3725 stetit
686 3658 898 3746 (regionibus
911 3660 982 3726 illis
1012 3698 1016 3703 -
1154 3690 1157 3695 ·
1175 3668 1196 3731 ,’

140 3770 235 3837 Rara
248 3764 366 3855 nimis)
380 3790 449 3836 non
465 3772 581 3856 ampla
595 3777 719 3851 tamen,
734 3792 838 3857 quam
852 3773 966 3839 lentus
980 3772 1099 3841 alebat

140 3881 310 3965 Bagrada,
327 3883 385 3967 qui
400 3883 514 3949 siccas
528 3882 600 3948 illic
616 3886 787 3950 connectit
801 3902 933 3952 arenae
950 3888 953 3893 '
1057 3920 1065 3931 ·
1147 3916 1155 3927 ·
1182 3950 1186 3957 ,
1202 3896 1208 3905 ’
1236 3896 1239 3903 “

140 3992 294 4061 Horrida
307 3992 397 4060 silva
410 3994 486 4073 fuit,
501 3996 695 4083 conjunctis
710 4015 791 4063 aera
803 3998 908 4063 ramis
944 4010 947 4017 '
1082 4040 1085 4045 -
1108 4042 1111 4047 -

140 4105 335 4173 Obscurum
348 4112 384 4173 et
396 4104 510 4174 tristes
525 4108 678 4176 exclusis
684 4092 829 4176 ¹Solibus
843 4092 1000 4176 umbras*
1150 4122 1162 4163 .·
1174 4100 1198 4131 ”“·
1214 4088 1228 4107 ’

140 4215 393 4303 complectens}
408 4240 528 4287 nemus
540 4210 612 4289 hoo
623 4222 798 4306 ingressus
812 4220 932 4288 Ceasar
944 4226 1109 4308 opaeum,
1186 4238 1191 4249 '

138 4328 283 4399 Antrum
297 4328 445 4402 immane
459 4332 664 4421 videtnigro
679 4320 1060 4421 squuororepiotnn„
1103 4348 1107 4353 '
1142 4382 1146 4387 -
