2784 4860
346 337 569 417 crvlbls
612 335 791 417 BEL'LI
833 342 942 423 nin.
971 345 1067 415 tn.
1195 354 1262 430 307,

152 515 319 598 Tempus,
333 511 369 576 in
384 519 554 584 extremos
576 536 644 598 quo
659 517 805 583 mitteret
824 520 938 611 omnia
953 540 1093 586 casus<
1146 539 1149 545 ·
1204 588 1207 594 ,
1249 546 1252 551 ·

154 626 260 708 AEger
274 624 402 708 quippe
416 646 532 704 morae,
553 626 767 712 flagransque
783 631 943 714 cupidine
965 635 1073 714 regni
1193 637 1275 711 240]

154 736 319 820 Coeperat
333 737 457 817 exiguo
472 744 582 802 tractu
604 740 721 804 civilia
735 742 827 807 bella
1183 720 1187 727 ⁵

155 845 204 910 Ut
223 847 351 910 lentum
365 848 525 913 damnare
541 851 650 915 nefas.
667 851 865 918 discrimina
879 859 1063 937 postquam
1119 890 1120 894 =

153 956 349 1022 Adventare
366 959 501 1035 ducum,
522 981 747 1044 supremaque
763 965 887 1046 proelia
901 965 998 1041 vidit,

152 1069 320 1135 Casuram
334 1078 369 1135 et
383 1073 445 1137 fati
460 1075 567 1138 sensit
581 1080 699 1137 nutare
714 1075 856 1149 ruinam,

153 1181 222 1246 Illa
236 1203 372 1266 quoque
387 1186 423 1249 in
437 1186 560 1268 ferrum
574 1186 687 1248 rabies
702 1185 976 1266 promptissima·
988 1188 1128 1268 paulum
1192 1191 1258 1260 245

153 1291 311 1374 Languit,
327 1300 361 1357 et
376 1315 477 1359 casus
493 1296 608 1360 audax
623 1296 791 1378 spondere
807 1295 977 1366 secundos
1173 1382 1176 1386 Δ

153 1398 255 1466 Mens
271 1406 363 1468 stetit
377 1406 413 1467 in
428 1406 544 1482 dubio,
561 1426 664 1488 quam
678 1425 742 1469 nec
759 1425 822 1468 sua
837 1405 911 1473 sata,
923 1404 1051 1482 timere,
1171 1416 1179 1479 2
1248 1420 1251 1424 '

152 1511 230 1576 Nec
247 1513 366 1595 Magni
383 1535 519 1597 sperare
535 1518 667 1581 sinunt:
690 1515 869 1579 formidine
884 1535 1006 1593 mersa,

151 1621 293 1686 Prosilit
307 1624 472 1687 hortando
488 1626 607 1691 melior
621 1626 748 1689 fiducia
761 1626 875 1706 vulgo.
1102 1712 1105 1716 Ι

196 1733 388 1797 Odomitor
402 1735 529 1811 mundi,
544 1755 655 1798 rerum
669 1735 803 1798 fortuna
817 1755 978 1812 mearum,
1044 1738 1058 1761 ²
1135 1812 1137 1816 ,
1186 1740 1253 1805 250

151 1842 267 1920 Miles,
285 1845 382 1907 adest
396 1846 497 1908 toties
513 1849 640 1926 optatae
657 1844 760 1925 copia
774 1864 909 1926 pugnae.

151 1952 212 2016 Nil
228 1974 316 2036 opus
332 1960 384 2018 est
398 1956 507 2019 votis:
527 1955 600 2038 jam
614 1953 722 2017 fatum
737 1956 901 2018 accersite
916 1955 1016 2019 ferro.

151 2062 192 2126 In
207 2064 364 2127 manibus
378 2066 511 2140 restria,
528 2069 675 2146 quantus
691 2065 736 2128 sit
751 2062 879 2139 Caesar,
895 2065 1040 2130 habetis.

148 2173 240 2238 Haec
256 2181 308 2238 est
322 2175 383 2238 illa
398 2176 483 2251 dice,
499 2175 700 2259 mihiquem
716 2173 908 2239 Rubiconis
924 2176 968 2239 ad
983 2176 1093 2240 undas

148 2347 198 2394 244
205 2345 311 2393 Casurum
316 2345 367 2409 fati
376 2348 451 2402 retest,
460 2346 567 2393 Cererem
573 2344 658 2410 etfotis
666 2347 740 2401 sensit,
749 2342 923 2410 Casurmnfetir
931 2348 1005 2401 reuse,
1013 2346 1122 2393 currerem
1126 2347 1248 2412 teruitfoti,

284 2415 452 2472 masopane.
534 2413 663 2474 250regrri.
745 2413 793 2458 252
803 2409 866 2474 feto.
950 2413 1112 2462 25tarcesrite.

180 2563 235 2609 939.
254 2561 281 2607 Io
291 2571 394 2608 extremos
402 2576 473 2618 ceses,
485 2560 541 2623 dra]
560 2561 612 2618 Quo
625 2569 683 2608 tem·
708 2568 844 2623 metusque:
857 2563 898 2608 sed
906 2571 1110 2623 metusuppresso,
1118 2578 1181 2623 spem
1193 2579 1247 2625 ape-

143 2641 204 2686 pore
214 2627 244 2671 de
255 2643 342 2672 summa
352 2629 387 2673 rei
396 2627 522 2672 dimicaret.
541 2625 681 2673 Hortensius.
707 2626 746 2683 rit,
759 2633 785 2674 ut
795 2643 847 2687 quae
856 2626 935 2673 utilior
949 2624 1073 2674 incitandis
1088 2622 1186 2674 militum
1198 2629 1247 2687 ani7

180 2693 235 2736 240.
253 2691 501 2753 AEgerquippemorae.]
520 2691 593 2736 Morae
609 2691 683 2752 impa·
707 2691 761 2739 mis.
793 2693 849 2738 Dux
867 2707 944 2738 aecum
960 2700 1063 2738 metuere
1078 2692 1154 2738 omnia
1168 2692 1246 2739 debet·

146 2754 242 2800 tientem
256 2762 280 2801 et
295 2756 426 2802 certaminis
446 2756 475 2802 de
497 2770 572 2801 rerum
595 2771 683 2802 summa
708 2770 785 2801 coram
805 2755 887 2809 milite,
907 2755 972 2802 nihil.
991 2754 1055 2802 Grot.
1082 2756 1125 2801 vet
1133 2724 1247 2821 fiduciui

143 2819 221 2865 studio
233 2821 350 2868 ardentem
361 2821 445 2867 radere
456 2826 558 2881 coeperat
566 2819 621 2866 belli
628 2837 681 2883 pro·
708 2819 756 2876 Qui
766 2820 849 2866 melius
859 2820 950 2868 videret
960 2821 1007 2866 suis
1021 2822 1098 2877 rebus,
1117 2836 1184 2880 quam
1194 2821 1246 2881 vul7

142 2883 221 2929 macti.
658 2936 661 2941 ¹
708 2882 868 2945 gusmilitum,
883 2885 980 2945 quosad
995 2885 1244 2950 pugnamlrorearetur,

179 2950 235 2994 241.
253 2948 446 3012 Erigeetraete]
464 2950 682 3008 Parvomomento;
707 2947 813 2996 Her-teus.
1240 2996 1244 3007 ,
1264 2969 1265 2973 ’

143 3012 180 3058 vei
193 3028 265 3073 parvo
277 3014 352 3074 spatio
370 3030 415 3074 quo
427 3029 504 3074 pugna
523 3013 680 3061 differebatur.
740 3015 795 3062 250.
814 3013 939 3068 Odemiter,
949 3012 1005 3076 dra]
1019 3012 1101 3059 Oratio
1107 3011 1245 3077 Gaesarised

141 3074 225 3137 Solpit.
705 3077 799 3136 milites,
809 3076 1060 3140 generisdeliberatiri‚
1066 3078 1192 3125 hortatoria
1199 3076 1246 3133 est,

175 3144 231 3188 242.
251 3141 575 3204 Discriminepertquum‚&c.]
593 3143 680 3190 Verum
706 3143 735 3188 ad
756 3143 861 3204 praelium
881 3143 971 3190 fortiter
994 3142 1127 3189 ineundum.
1162 3141 1246 3200 Captet

142 3205 212 3252 ubiio
224 3208 343 3267 procinctu
351 3207 457 3254 ultimum
465 3207 588 3253 discrimen
599 3209 681 3255 adesse
705 3206 897 3262 benevolentiam,
913 3206 991 3253 reddit
1010 3212 1125 3253 attentos:
1150 3213 1244 3253 narrat:

142 3269 215 3329 vidia
232 3272 337 3318 subsedit
354 3271 389 3317 illi
400 3272 539 3332 aliquantum
554 3272 621 3317 ferox
632 3273 680 3317 ani-
704 3272 841 3330 perstringit
850 3269 1013 3317 adversarium.
1047 3266 1161 3316 Hortatur
1178 3285 1245 3335 aspa

143 3349 201 3380 mus.
235 3337 277 3383 Sed
297 3337 343 3382 bec
359 3336 457 3399 maligne
475 3337 500 3381 tn
519 3334 634 3390 Cererem,
652 3344 680 3384 ut
705 3337 885 3390 commodorum,
894 3342 918 3381 et
926 3336 1023 3396 primum
1031 3333 1124 3393 quidem
1135 3349 1244 3396 aprrcce·

143 3401 306 3457 mnnienester,
323 3400 506 3461 nequeenimitti
522 3415 619 3461 braquam
630 3401 679 3446 muss
704 3399 812 3446 dentibus
829 3399 957 3460 promissis.
983 3401 1079 3444 Perorat
1094 3403 1154 3460 apte.
1183 3394 1244 3461 Hor3

133 3465 175 3522 jor
186 3465 290 3512 alacritas
300 3474 322 3512 et
322 3465 421 3526 fiducie,
437 3473 465 3512 at
479 3471 591 3511 testemur
607 3479 679 3511 omnes
704 3472 758 3509 terre.
774 3460 931 3526 ituantem]
946 3463 1036 3517 Gallia,
1045 3460 1182 3516 Germania,
1191 3460 1245 3528 Bri·

142 3527 248 3576 historici.
704 3528 797 3583 tannim,
810 3527 932 3587 Hispaniae
942 3528 1039 3574 CCCC.
1050 3527 1098 3572 fere
1112 3524 1243 3590 nationibus

175 3595 231 3641 245.
256 3593 283 3639 Iu
296 3592 410 3656 ferrum]
437 3594 465 3638 In
484 3608 591 3654 pugnem.
611 3593 678 3653 qnasi
702 3591 889 3652 patriaeadditis,
905 3596 931 3637 ut
947 3589 1243 3651 habetAppianusinorag

142 3654 220 3704 caesar
236 3659 363 3706 delectatus
379 3658 463 3704 fuisset
477 3658 541 3705 rabie
552 3658 676 3719 pugnandi.
703 3657 766 3705 tione
776 3671 844 3717 quam
854 3656 941 3703 caesari
952 3654 1046 3716 affingit,
1057 3671 1125 3715 quam
1136 3653 1158 3702 si
1166 3653 1244 3715 placet

142 3719 246 3769 Horteers.
703 3735 754 3767 cum
766 3721 808 3767 hac
819 3721 929 3767 conferas.
1236 3758 1239 3765 .

174 3790 230 3837 247.
260 3785 308 3832 Nee
328 3802 368 3832 see
385 3786 443 3851 sete
463 3784 559 3847 timere]
592 3787 677 3846 Neque
736 3787 792 3833 251.
809 3784 877 3832 Adest
897 3785 957 3831 toties
974 3792 1061 3844 optata,
1081 3781 1139 3892 &ci
1168 3781 1243 3846 Copia
1272 3824 1279 3841 ,

140 3851 202 3899 enim
213 3868 254 3898 soa
264 3851 362 3897 felicitas
372 3850 477 3910 permisit
493 3849 528 3896 illi
542 3851 677 3911 desperare5
703 3865 785 3911 pugnae
800 3865 867 3910 quam
882 3849 953 3896 toties
969 3849 1100 3910 optavimus
1134 3852 1179 3902 ata,
1195 3863 1243 3895 non
1276 3867 1281 3872 ·

139 3931 215 3976 neque
224 3916 328 3976 Pompeii
339 3915 468 3962 advertenti
477 3914 617 3972 felicitatem,
629 3923 678 3963 erat
704 3914 789 3961 ociosis
806 3915 876 3970 rotis,
895 3915 936 3962 ted
956 3913 1055 3961 strenuis
1072 3911 1155 3973 gladiis
1172 3911 1242 3969 frabri-¹

141 3997 182 4027 eur
192 3981 260 4028 valde
271 3986 380 4040 speraret.
703 3979 778 4025 canda
788 3986 824 4026 est
834 3978 902 4025 nobis
910 3978 1002 4025 fortuna
1012 3985 1099 4025 nostra.
1263 3990 1268 3999 “

173 4047 229 4093 248.
248 4044 376 4092 Formidine
390 4059 468 4098 nurse,
481 4042 538 4105 dra]
562 4044 677 4103 Quoniam
737 4045 792 4092 253.
816 4042 846 4090 in
864 4043 965 4100 inanibus
981 4040 1077 4102 cestrie]
1105 4039 1241 4104 Fortunam,

140 4125 196 4157 vero
215 4110 281 4157 ducis
300 4111 388 4156 sciebat
401 4125 462 4163 esse,
478 4124 556 4157 secum
575 4115 677 4156 metuere
703 4107 821 4164 virtutem,
831 4108 1001 4163 liberalitatem,
1009 4108 1078 4153 tidem
1089 4104 1195 4169 Caesaris,
1206 4111 1241 4150 to-

140 4173 315 4232 omnie300ram
326 4173 407 4230 milite,
419 4173 493 4220 nihil:
511 4188 565 4219 suos
574 4173 676 4221 oratione
702 4179 751 4220 tum
767 4173 869 4234 denique
884 4174 1007 4231 Gaesarem,
1027 4177 1125 4232 quantus
1143 4176 1187 4224 eat,
1202 4166 1242 4214 ha·
1273 4207 1276 4224 5

139 4239 308 4294 cohortatum,
325 4238 388 4298 Spem
402 4240 468 4286 vultu
482 4238 581 4292 simulet,
594 4240 677 4298 premit
701 4236 769 4285 betis.
1234 4276 1238 4289 .

139 4304 213 4350 attam
222 4305 288 4351 corde
297 4306 400 4351 tormen.
704 4347 708 4351 ,
735 4304 791 4357 254.
808 4299 945 4366 Mide'qeeor
953 4297 1094 4362 Romana]
1111 4295 1240 4355 tribune

174 4369 231 4417 249.
249 4367 445 4433 Materterae]
462 4366 554 4420 Dubius
566 4366 679 4430 astupet
703 4368 760 4418 359.
1026 4377 1028 4383 '
1235 4398 1238 4403 r
