2784 4860
327 288 331 295 r
433 335 672 408 LUCANI.
710 334 818 401 LIB.
856 331 941 400 VII.
1166 328 1231 394 ool
1299 368 1303 377 -

136 522 244 597 Fata3
267 537 330 581 nec
344 515 508 579 Ausoniae
525 513 631 577 decus
645 511 723 586 hoc,
738 528 802 572 uec
817 506 967 572 Caesaris
981 505 1084 570 armis

136 629 348 693 Concedunt.
364 627 485 689 iterum
498 623 640 686 redeunt
654 620 771 684 civilia
789 619 891 694 bella,

137 739 181 802 Et
195 737 316 821 populi
333 734 503 815 abrumpit
517 732 622 796 tristis
639 730 790 793 Fortuna
804 727 963 811 quietem.

138 848 222 911 S'ola
237 847 333 928 quies
344 843 419 927 jam
434 842 552 906 Caesar
565 845 648 904 erat.
664 858 743 902 cum
758 837 896 902 Caesare
910 853 1025 901 rursus

140 958 218 1020 Pax
235 956 394 1019 Romana
408 953 505 1035 perit.
522 951 621 1034 cujus
636 969 727 1012 mors
742 949 817 1012 dira
830 947 958 1030 pianda
973 953 1026 1012 est

142 1065 307 1128 Cladibus
322 1059 517 1134 innumeris,
533 1059 715 1138 laceroque
727 1057 900 1120 cruentior
913 1057 988 1134 orbi

142 1173 255 1253 Quam
269 1177 320 1234 tot
333 1168 480 1232 viventis
494 1167 614 1229 feralia
626 1167 719 1229 bella
732 1167 887 1230 fuissent.

185 1283 272 1344 Fata
285 1279 395 1343 Ducis
409 1280 552 1338 mortem
567 1275 761 1338 accelerant
773 1293 782 1353 3
804 1294 884 1357 pars
899 1293 1022 1358 magna
1037 1274 1182 1340 Senatus

143 1391 307 1473 Conjurat
327 1387 472 1470 trepidi;
493 1404 556 1447 nec
571 1383 630 1465 qui
645 1383 688 1446 de
703 1389 799 1464 parte
814 1384 987 1448 stetissent

143 1501 301 1563 Adversa
316 1498 437 1571 solum,
454 1501 488 1558 et
501 1494 574 1556 noti
584 1493 658 1576 jam
674 1491 823 1557 Caesaris
837 1493 953 1558 hostes

144 1609 300 1693 Spurius
316 1613 350 1670 et
365 1606 476 1680 Naso,
489 1603 651 1680 Rubrius,
667 1602 831 1666 Servilius
845 1602 972 1681 audax,

147 1719 373 1798 Donatusque
389 1696 494 1779 semel
509 1714 611 1777 venia
623 1711 792 1793 Ligarius,
808 1718 912 1796 atque

146 1828 331 1892 Caecilius:
356 1826 417 1889 sed
433 1824 492 1906 qui
506 1823 610 1905 vulgo
626 1822 806 1886 creduntur
820 1822 923 1886 amici

146 1940 246 2004 Illius
263 1938 450 2020 adjungunt
464 1953 563 2014 sese3
583 1933 768 1997 Triboni'us
781 1933 868 1996 inter

148 2050 227 2114 Hos
243 2047 319 2123 suit,
337 2052 370 2109 et
385 2044 510 2121 Casca,
525 2048 560 2106 et
574 2041 731 2123 Cimber;
752 2062 817 2106 nec
832 2041 976 2107 Cassius
991 2061 1069 2107 acer

149 2158 269 2223 Defuit
283 2155 429 2230 insidiis,
445 2154 506 2236 qui
520 2153 687 2216 libertatis
702 2152 874 2236 adempte·

147 2268 335 2356 (Quamvis
352 2265 494 2329 Urbana
508 2264 662 2330 Praetura
677 2284 699 2329 a
714 2263 852 2330 Caesare
866 2285 976 2350 nuper

151 2377 325 2461 Donatus)
340 2376 468 2440 vindex
482 2395 656 2458 nunquam
670 2397 739 2441 non
753 2396 830 2441 esse
845 2379 994 2443 volebat.

150 2489 173 2552 J
175 2488 309 2568 ungitur
322 2487 375 2548 his
388 2487 552 2550 Decimus
567 2487 765 2550 notissimus
780 2484 866 2552 inter
880 2490 1011 2554 amicos

151 2597 312 2673 Caesaris,
331 2598 499 2677 Ingratus
515 2598 572 2660 eui
586 2599 959 2681 trans-Alpinafuisset

152 2708 269 2772 Gallia
285 2708 447 2771 Caesareo
461 2725 569 2788 nuper
584 2709 768 2771 commissa
781 2710 910 2774 favore.

154 2819 236 2882 Non
251 2819 346 2881 illum
362 2817 547 2900 conjuncta
561 2815 658 2891 fides,
673 2836 743 2881 non
756 2838 880 2883 nomen
895 2822 997 2885 amici

154 2929 330 2993 Deterrere
346 2931 470 3010 potest.
487 2945 551 2988 nee
567 2925 678 2990 adhuc
695 2933 749 2990 sat
763 2928 860 2993 firma
872 2930 1005 2995 videtur

154 3038 341 3121 Conjurata
354 3055 487 3111 manus,
503 3035 659 3117 quamvis
674 3056 755 3118 pars
769 3042 864 3101 tanta
874 3039 1021 3104 Senatus

154 3149 289 3230 Totque
307 3148 407 3211 simul
422 3147 587 3210 Proceres
602 3148 799 3211 sanxissent
812 3148 944 3212 foedera
959 3149 1050 3214 dira:

155 3259 206 3322 Te
223 3279 359 3341 quoque
374 3258 439 3320 flos
450 3258 615 3340 juvenum
630 3257 817 3334 latiorum,
831 3263 866 3322 et
878 3259 993 3323 nobile
1008 3276 1131 3323 nomen

158 3369 273 3444 Brute,
290 3373 410 3450 petunt
425 3367 532 3449 coepti
548 3367 692 3444 socium,
706 3367 881 3452 caedisque
896 3368 1053 3432 nefandae
1185 3376 1190 3387 “

157 3479 387 3562 Participem3
410 3484 448 3542 ut
460 3483 563 3542 tantae
578 3479 740 3561 pietatem
755 3480 937 3544 obtendere
953 3480 1079 3563 eulpae,

159 3583 204 3651 Et
219 3590 298 3652 dare
310 3589 369 3672 jus
385 3589 506 3657 sceleri
524 3595 643 3672 posset
656 3590 850 3654 venerabile
898 3591 964 3654 ruti

160 3697 298 3762 Nomen
313 3701 405 3778 apud
417 3701 579 3785 populos.
594 3700 650 3765 bie
666 3701 831 3766 libertatis
845 3701 1015 3786 ademptae
1105 3715 1108 3720 ’

159 3809 204 3873 Et
218 3809 339 3892 patriae
355 3807 481 3876 vindex
494 3812 668 3877 natalibus
683 3830 760 3876 esse
777 3812 912 3878 videtur

160 3920 194 3984 A
210 3919 352 4002 Superis
367 3918 574 4001 designatus,
600 3929 671 4002 tua,
686 3924 835 3989 maxime
850 3924 966 4002 Brute,

160 4032 357 4114 Progenies,
374 4031 503 4115 primus
519 4031 578 4114 qui
592 4034 729 4099 nomine
743 4034 903 4100 Consulis
924 4053 1032 4099 annos

161 4144 311 4226 Signasti
327 4143 456 4221 Latios,
472 4143 582 4228 pulsis
596 4164 642 4209 ex
656 4144 739 4209 urbe
752 4145 913 4227 tyrannis.
943 4220 951 4230 μ

161 4256 265 4322 Urbis
291 4262 363 4323 erat
377 4255 509 4324 Praetor
525 4258 672 4324 Brutus:
695 4255 752 4322 cui
766 4253 910 4322 Cassius
925 4258 1028 4323 aretis
