2784 4860
354 316 577 425 crvmrs
621 356 799 452 nunni
844 358 958 430 um.
1004 359 1089 431 vn.

159 529 363 614 Praecipites
378 530 490 595 secere
505 531 634 614 palam,
651 533 769 598 civilia
782 534 875 599 bella

159 635 242 706 Non
256 642 343 705 bene
358 642 546 706 barbaricis
564 662 715 726 unquam
732 645 918 709 commissa
932 646 1090 713 catervis.

159 750 208 815 Ut
222 753 368 834 primum
383 753 523 834 sonipes
534 753 716 818 transfixus
731 761 874 837 pectora
887 756 988 834 ferro,

157 861 201 926 In
216 868 320 944 caput
335 862 434 926 effusi
449 864 597 927 calcavit
610 866 762 928 membra
777 867 945 947 regentis:

155 971 276 1036 Omnis
297 994 402 1055 eques
418 975 522 1039 cessit
537 976 682 1058 campiS,
707 975 963 1058 glomerataque
986 978 1097 1060 pubes
1172 996 1175 1001 ·

156 1082 199 1147 In
214 1103 278 1146 sua
293 1085 468 1147 conversis
483 1103 641 1167 praeceps
656 1085 723 1148 mit
737 1086 874 1167 agmina
888 1086 1015 1152 fraenis.

155 1193 310 1258 Perdidit
323 1195 402 1258 inde
417 1196 556 1259 modum
571 1196 697 1271 caedes,
714 1214 756 1258 ac
771 1195 866 1260 nulla
880 1202 1000 1262 secuta
1020 1182 1073 1263 ist
1143 1279 1145 1285 s

155 1302 296 1386 Pugna:
321 1306 381 1369 sed
397 1305 476 1370 hinc
493 1306 635 1389 jugtdis‚
651 1306 730 1369 hinc
745 1304 834 1369 ferro
853 1305 945 1371 bella
960 1312 1129 1390 gerunttu.

154 1413 231 1479 Nec
248 1417 339 1480 valet
352 1417 428 1480 haec
444 1418 538 1481 acies
553 1421 682 1481 tantum
699 1419 925 1497 prosternere,
942 1424 1106 1501 quantum

151 1525 237 1590 Inde
253 1527 362 1609 perire
378 1532 503 1609 potest.
534 1525 674 1591 Utinam
690 1523 870 1607 Pharsalia
884 1529 1019 1611 campis

152 1636 307 1700 Sufficiat
322 1657 421 1700 cruor
435 1638 500 1702 iste
515 1638 594 1713 tuis,
611 1657 713 1719 quem
731 1639 879 1703 barbara
896 1639 1042 1706 fundunt

150 1747 309 1825 Pectora,
324 1768 393 1811 non
408 1749 478 1812 alio
493 1754 661 1813 mutentur
678 1749 841 1829 sanguine
856 1749 980 1815 fontes.

151 1859 222 1922 Hic
238 1879 396 1922 numerus
411 1864 503 1924 totos
518 1859 581 1923 tibi
596 1858 721 1922 vestiat
736 1859 873 1924 ossibus
889 1880 1010 1942 agros:

150 1969 222 2032 Aut
237 1970 266 2032 si
283 1969 441 2040 Romano
458 1969 622 2052 compleri
638 1969 802 2050 sanguine
817 1972 944 2048 maviS,

150 2079 232 2143 istis
248 2100 351 2163 parce
367 2100 508 2163 precor:
532 2079 649 2144 vivant
663 2077 879 2163 Galataeque,
895 2079 1050 2165 Syrique,
1152 2090 1156 2096 '

151 2188 393 2272 Cappadoces
410 2190 582 2272 Gallique,
598 2190 808 2272 extremique
824 2192 917 2256 orbis
932 2191 1036 2270 Iberi,

148 2299 312 2376 Armenii,
330 2300 479 2365 Cilices:
502 2320 582 2364 nam
596 2304 676 2383 post
690 2299 807 2364 civilia
827 2302 919 2366 bella

147 2410 219 2474 Hic
237 2412 387 2494 populus
402 2411 580 2475 Romanus
597 2410 670 2474 erit.
701 2408 814 2475 Semel
829 2417 923 2477 ortus
940 2413 975 2477 iu
991 2413 1121 2477 omneis

146 2519 179 2584 It
194 2521 303 2598 timor,
319 2528 352 2585 et
367 2522 446 2585 fatis
464 2522 564 2585 datus
580 2525 632 2584 est
645 2539 708 2602 pro
724 2518 862 2585 Caesare
879 2541 1009 2587 cursus.

188 2628 336 2694 Ventum
352 2638 423 2696 erat
437 2632 481 2696 ad
495 2632 599 2696 robur
615 2629 745 2710 Magni,
758 2631 957 2716 mediasque
973 2638 1145 2713 catervas3
1183 2633 1249 2698 tte

184 2791 323 2840 532oecutu.
422 2790 546 2839 sustula.
612 2789 661 2837 537
662 2785 745 2848 fortes.
811 2789 972 2838 538hottihus.
1038 2792 1088 2840 540
1099 2789 1209 2853 Senem.

396 2859 445 2904 543
457 2855 570 2902 Roumnut
579 2855 623 2899 erit
630 2851 735 2912 populus.
875 2857 925 2905 543
935 2869 1002 2902 maus.

142 2979 189 3026 iani
200 2981 288 3042 equites
299 2980 424 3026 auxiliares
435 2989 501 3041 terga
513 2986 630 3027 vertentes
643 2994 682 3024 os·
739 2979 796 3024 540.
815 2978 867 3025 latit
873 2995 944 3040 parce
952 2977 1051 3041 praeca]
1069 2980 1127 3027 letis
1144 2980 1247 3031 externis

141 3045 267 3092 tenderunt
277 3046 353 3091 civilis
365 3046 419 3091 belli
434 3052 574 3091 momentum
585 3059 629 3090 non
641 3046 681 3089 be·
706 3041 814 3101 gentibus
826 3058 902 3104 purae,
920 3051 947 3090 ut
958 3045 1013 3099 sint,
1032 3044 1072 3105 qui
1090 3045 1151 3091 bello
1171 3045 1244 3106 finito,

141 3125 172 3156 ne
183 3110 296 3155 creditum
307 3109 378 3155 fuisse
397 3110 433 3155 his
445 3110 548 3156 externis
565 3117 589 3154 et
599 3109 681 3153 barba·
704 3105 800 3154 civitate
811 3108 889 3154 donati
900 3106 997 3156 uoniam
1013 3105 1127 3156 tueantur.
1144 3108 1245 3158 Guma-

140 3174 183 3221 rie.
194 3173 315 3235 Timcndt]
327 3174 466 3234 spernendi,
478 3173 532 3234 quia
541 3175 622 3234 fugere
634 3187 679 3218 non
704 3183 756 3280 ᾖ
767 3169 825 3233 bra]
838 3172 898 3234 Pop.
909 3173 972 3220 Asiae
980 3173 1243 3241 juxtu'Pupblugonlum

159 3240 251 3285 udebut.
758 3235 852 3296 ogroeai.

141 3255 229 3352 pbtss.
251 3302 281 3349 Ut
287 3304 395 3362 primum,
407 3301 463 3364 bra]
481 3299 529 3350 Ubi
540 3300 594 3360 equi
609 3301 679 3347 Pom·
737 3301 793 3347 541.
811 3299 953 3362 Extreraiqroe
970 3303 1027 3350 orbis
1045 3300 1127 3365 lteri]
1143 3302 1243 3352 (tcdtd

139 3367 282 3429 polanorum,
294 3375 380 3426 quartae
390 3367 454 3414 illius
464 3366 522 3413 aciei
532 3366 586 3413 telis
598 3367 678 3424 mucii,
703 3363 859 3411 urbisincolae
873 3365 981 3426 Hispani.
1014 3376 1017 3383 ⁴
1234 3390 1237 3401 =

139 3439 293 3479 excusserunt
311 3447 397 3492 pronos
415 3431 530 3489 sessores3
547 3431 623 3493 iugum
640 3446 678 3477 ea·
735 3432 792 3478 543.
809 3426 985 3478 Semelortmt'a
995 3429 1083 3487 abacia
1095 3429 1153 3495 &o.]
1170 3431 1241 3480 Uti·

140 3504 236 3562 pessunt
248 3498 345 3556 equites,
627 3509 634 3518 ¹
702 3495 782 3554 paucis
799 3494 911 3555 trepidari
926 3495 1006 3558 ooepit,
1024 3511 1104 3543 omnes
1118 3496 1143 3542 in
1161 3497 1240 3559 fugam

173 3564 228 3611 532.
250 3562 351 3607 Perdidit
360 3561 413 3607 iude
422 3562 510 3607 modum
521 3559 610 3622 cadet]
624 3562 677 3607 Nou
701 3565 778 3606 munt.
794 3561 856 3619 quod
873 3559 960 3607 Cauri
978 3561 1082 3608 victoriae
1099 3566 1240 3608 memmium

138 3633 289 3687 temperatum
302 3632 337 3671 est
350 3626 467 3686 caedibus3
482 3641 527 3672 non
537 3625 677 3673 interficien·
702 3623 775 3671 dedit.
794 3623 864 3679 Tunc,
874 3623 951 3685 inquit
964 3625 1055 3681 Florus,
1074 3634 1157 3672 terrore
1170 3625 1239 3674 latiur

138 3691 165 3739 di
176 3693 258 3737 modun
269 3697 373 3737 servatus
384 3697 428 3737 est.
701 3687 761 3745 dato,
783 3688 924 3736 turbantibus
945 3691 1039 3736 invitem
1057 3691 1132 3751 copiis,
1148 3689 1239 3751 reliqum

170 3760 225 3804 533.
244 3755 286 3800 Sed
314 3754 367 3801 hinc
386 3753 499 3817 jugulis]
537 3754 677 3818 iugulantur
700 3749 915 3816 strugoe'quusiunu
925 3754 1111 3819 manufactum.
1130 3751 1240 3802 Necullc

137 3821 281 3881 Pompeiani,
301 3820 387 3866 cudunt
400 3820 531 3867 Caesariani.
550 3820 605 3867 vide
624 3834 675 3881 quae
699 3819 815 3880 resmagla
831 3819 896 3864 cattio
906 3817 969 3883 fuit,
987 3834 1054 3882 quum
1072 3819 1119 3880 ipen
1129 3821 1238 3867 aerem

136 3886 166 3933 ad
177 3901 239 3932 vers.
251 3889 305 3932 617.
317 3885 383 3930 inira.
699 3883 837 3944 magnitudo.

169 3952 226 3998 534.
246 3949 356 3996 Necvulet
365 3949 485 4006 baecucies,
497 3947 553 4010 bra]
565 3950 617 3995 Nec
628 3949 674 3994 rui·
732 3949 789 3994 544.
807 3945 1029 4010 Fatitdututatpru
1040 3947 1128 3996 Germ
1136 3943 1235 4010 trum]

135 4015 217 4062 ficiunt
238 4014 364 4060 Caesariani
385 4013 535 4074 conficiendis
554 4013 675 4073 Pompeia·
699 4011 854 4068 institituit,
871 4018 898 4060 ut
911 4015 991 4060 castr
1001 4011 1101 4060 viatoria
1111 4011 1236 4087 potiretur,

135 4080 180 4137 uic,
191 4087 272 4139 utpote
283 4093 379 4138 quorum
391 4079 463 4124 multo
474 4081 547 4138 major
557 4093 672 4125 uumerus.
698 4083 723 4124 et
732 4091 844 4138 prospere
854 4093 903 4124 rem
913 4083 1010 4138 gereret.
1023 4073 1127 4125 flaccus.
1191 4078 1194 4106 ³
1220 4092 1224 4114 ³

168 4147 224 4194 536.
243 4141 346 4205 Sufficiat
357 4159 423 4188 cruor
432 4145 473 4190 iste
483 4144 549 4208 tuta]
561 4145 613 4190 Neo
624 4143 673 4189 Ro·
731 4144 787 4192 54⁵.
805 4141 883 4188 Robur
901 4141 992 4205 Magni,
1011 4140 1054 4189 &a
1077 4139 1183 4188 mnata
1199 4137 1237 4185 bie

134 4225 203 4257 mano
214 4225 276 4269 rung.
288 4208 399 4254 ruberent
406 4209 478 4255 tiuvii.
697 4205 800 4269 ballam]
829 4206 982 4254 Firmissime
1000 4206 1085 4268 copias·
1098 4218 1149 4265 quer
1170 4209 1237 4251 cnm

167 4277 223 4325 538.
243 4273 289 4320 Hic
299 4288 407 4320 numam
418 4281 471 4320 totos
481 4272 541 4336 titt]
558 4272 673 4320 Barbaro-
698 4272 761 4319 abac
778 4271 923 4335 Pompeium.
944 4271 1058 4319 cohorter
1074 4270 1122 4316 illu
1146 4273 1250 4330 qum,

128 4336 193 4395 'runa
213 4345 368 4386 externorum.
389 4336 471 4386 Vatiut
488 4339 567 4386 onim
585 4337 672 4403 agera]
698 4327 1233 4396 wialeudmssquontemtequtuumiupe-

133 4405 217 4467 ungu,
228 4408 326 4466 spargat
697 4407 733 4459 tu,
752 4401 873 4450 sinistrum
889 4415 970 4458 cornu,
988 4397 1145 4464 pugnantibus
1162 4395 1233 4445 etin
