2784 4860
138 354 205 424 8⁵⁰
408 350 458 418 M.
503 350 712 421 ANNAEI
757 350 984 418 LUCANI

141 525 228 592 Esse
244 526 341 604 fides,
359 526 473 608 lugere
487 526 608 592 virum.
630 531 668 592 tu
680 525 776 590 nulla
788 525 896 591 tulisti

140 637 241 703 Bello
255 637 380 701 damna
393 656 482 703 meo.
493 638 579 703 vivit
588 642 669 721 post
682 636 807 719 proelia
822 634 983 719 Magnus,

141 748 210 814 Sed
225 747 376 812 Fortuna
389 749 495 831 parit:
518 734 616 831 quod·
628 745 744 822 dcffcs,
760 747 845 810 iliud
855 748 997 811 amasti.
1201 746 1247 811 85

181 858 338 924 Vocibus
352 858 407 923 his
422 863 580 940 correpta
591 857 668 934 viri,
683 856 744 920 vix
760 857 994 939 aegrotorum

141 968 299 1037 Membra
313 969 399 1046 solo,
415 957 516 1032 taleis
526 969 652 1049 gemitu
666 969 1032 1053 rumpente-querelas:

141 1080 172 1145 0
188 1081 317 1146 utinam
327 1079 539 1144 inthalamos
549 1062 819 1143 'invisi-cienena
834 1079 940 1145 issem

141 1190 269 1256 Infelix
280 1189 419 1273 conjux,
435 1188 564 1252 etnulli
578 1189 660 1252 lactu
669 1172 809 1254 marito!
906 1194 910 1203 '

141 1299 203 1364 Bis
214 1299 319 1363 nocui
329 1297 475 1362 mundo:
498 1318 552 1361 ma
564 1284 720 1381 pronuba
734 1300 834 1366 duxit
847 1301 1005 1385 Erinnys,
1200 1302 1247 1367 90

139 1410 407 1495 Crassorumque
422 1411 562 1488 umbra,
578 1411 771 1495 devotaque
784 1413 944 1478 manibus
957 1413 1027 1477 iliis

140 1521 304 1605 Assyrios
315 1522 351 1585 in
362 1525 475 1588 castra
484 1523 547 1586 tuli
562 1522 679 1587 civilia
690 1541 811 1587 casus:

141 1631 412 1716 Praecipitesque
434 1632 513 1697 dedi
532 1633 693 1717 populos,
706 1638 919 1719 cunctosque
932 1634 1049 1718 fugavi

141 1741 176 1807 A
187 1762 294 1807 causa
308 1743 447 1808 meliora
463 1730 576 1808 Deos.¹
587 1763 609 1808 o
623 1743 772 1808 maxime
787 1745 927 1830 conjux,

142 1852 172 1916 0
186 1853 343 1921 thalamis
358 1856 494 1937 indigne
509 1856 607 1933 moia,
622 1856 688 1920 hoc
700 1855 788 1940 juris
801 1857 952 1923 habebat

142 1964 185 2030 In
200 1954 330 2030 unuin
346 1950 497 2032 Foitunn
511 1968 636 2051 caput!
659 1988 718 2032 cur
731 1968 839 2052 impia
852 1968 966 2052 nupsi,

142 2076 180 2140 Si
196 2077 354 2141 misorum
369 2078 502 2142 factura
512 2078 585 2141 suit
608 2099 698 2142 nunc
714 2080 835 2163 accipe
846 2099 982 2163 poenas,

142 2186 211 2250 Sed
226 2207 313 2271 quas
328 2193 449 2271 sponte
464 2189 567 2254 luam.
591 2210 659 2272 quo
676 2190 720 2254 sit
733 2191 797 2253 tibi
810 2190 949 2255 mollius
963 2210 1093 2274 aequor,

142 2295 244 2361 Certa
255 2298 340 2362 fidos
354 2319 481 2380 regum,
497 2304 657 2383 totusque
672 2301 822 2384 paratior
838 2302 942 2378 orbis,

142 2406 271 2491 Sparge
286 2409 371 2472 mari
387 2409 558 2473 comitem.
573 2412 710 2476 mallem
724 2411 883 2476 felicibus
905 2413 1008 2477 aruris
1180 2412 1249 2479 100

453 2573 484 2620 86
501 2579 604 2618 correcta.
801 2577 833 2621 90
841 2573 930 2634 jussit.

175 2698 215 2746 85.
233 2697 275 2744 Sed
286 2696 388 2762 fortuna
404 2699 486 2762 perit]
512 2698 559 2744 Sed
576 2699 631 2745 vide
654 2714 683 2744 ne
708 2713 748 2745 aec
771 2696 869 2760 Hymen,
884 2698 922 2745 aad
936 2698 1005 2745 tristia
1020 2695 1122 2761 Erinnys
1139 2696 1248 2749 Prata

143 2764 256 2810 fortunam
267 2779 342 2810 meam
352 2779 455 2811 eversam
463 2763 572 2824 lugendo,
580 2763 683 2810 videaris
707 2760 819 2825 infaustos
829 2763 1000 2825 sanguinolento
1016 2778 1101 2810 mas:
1116 2767 1142 2813 ot
1151 2765 1247 2815 Sem·

145 2843 195 2875 cam
204 2844 270 2888 quarn
277 2844 314 2874 me
324 2829 431 2874 habuisse
442 2829 576 2875 chariorem.
709 2827 795 2874 Medea
813 2844 848 2874 vs.
862 2829 901 2875 16.
919 2835 944 2874 et
955 2827 1055 2875 Octavia
1072 2843 1109 2877 vs.
1117 2829 1158 2878 23.
1181 2828 1247 2887 dita,

175 2895 217 2938 08.
236 2891 257 2938 0
275 2895 372 2946 utinam,
387 2891 445 2956 δια]
462 2896 535 2952 Optat
551 2908 577 2938 se
596 2892 682 2938 Casani
707 2892 749 2938 itta
759 2893 813 2938 meu
826 2892 895 2939 tristis
912 2891 1013 2956 Erinnys
1029 2891 1142 2941 miinoris
1160 2892 1248 2959 Stygio

145 2957 335 3018 nupsissapotins
342 2957 478 3017 utinquam
487 2957 599 3017 Pompeio
606 2973 613 3015 3
621 2957 682 3016 quod
705 2957 808 3016 mutulit
818 2957 889 3020 ignes.

141 3024 192 3082 jam
200 3021 237 3069 bis
248 3037 290 3066 suo
300 3021 422 3076 connubio,
438 3023 485 3069 duo
495 3021 618 3069 clarissimi
629 3037 683 3067 con·
741 3025 783 3096 ⁹¹¹.
800 3021 971 3097 Crassorumquq
984 3021 1077 3098 quatre,
1092 3020 1151 3087 δια]
1169 3022 1247 3073 Prot·

142 3084 683 3213 naissitanus
708 3085 1248 3212 :annuntii-‘fitam

146 3222 182 3262 set
193 3215 326 3273 calamitas:
343 3221 369 3261 ut
380 3216 508 3276 cuicunque
518 3231 546 3261 aa
557 3214 683 3275 nupsisset,
708 3215 746 3261 dis
757 3216 832 3262 omine
842 3216 867 3261 in
878 3214 959 3263 civilia
972 3216 1023 3263 lino
1032 3214 1102 3264 balla.

146 3281 176 3326 ad
187 3287 313 3328 extremam
321 3280 436 3327 miseriam
447 3287 510 3327 esset
519 3281 633 3327 redactus.
651 3281 683 3327 Et
740 3283 781 3329 90.
798 3280 917 3344 Astym]
933 3279 1173 3331 Parthicum

148 3346 217 3393 biset
231 3345 345 3392 simiiibus
357 3345 498 3406 argumentis
513 3360 563 3399 usa,
580 3345 683 3391 hortatur
742 3347 782 3394 93.
801 3344 971 3407 fraenosque
992 3344 1064 3408 duat]
1088 3346 1142 3407 Ego
1157 3346 1249 3395 aad·

146 3411 229 3465 viram,
246 3419 272 3457 ut
284 3426 309 3456 se
320 3409 343 3456 iu
358 3425 421 3456 mare
437 3409 551 3471 projiciat,
568 3416 592 3455 et
602 3423 682 3468 poenas
709 3415 758 3455 turn
769 3410 899 3456 Romanum
915 3409 939 3457 in
956 3409 1046 3457 dadan
1061 3410 1249 3473 ilimpoeoipi·

147 3475 176 3520 de
200 3490 225 3522 sa
246 3475 332 3535 exigat.
355 3474 458 3521 Hectora.
486 3474 610 3528 Ominum,
626 3473 683 3536 δια]
708 3474 765 3521 tari.
798 3475 850 3534 Ego
863 3476 929 3521 Deos
943 3475 1043 3523 avertis
1057 3482 1124 3537 parto
1138 3474 1250 3532 Senatus,

147 3539 201 3595 Quo
218 3539 282 3587 iliius
299 3541 401 3586 fortunas
417 3545 523 3600 gravaret
544 3538 683 3585 connubium
710 3538 750 3597 qui
765 3540 852 3598 justam
870 3540 927 3587 betti
943 3554 1036 3587 aaran
1054 3540 1162 3588 babebat.
1185 3538 1248 3589 Har·

145 3619 232 3660 meum,
247 3604 335 3651 maritis
346 3620 420 3663 usquc
430 3604 506 3650 fatale.
710 3604 802 3650 uanus.
1232 3642 1236 3649 ,

180 3671 218 3715 89.
237 3666 320 3732 Iip'eiic
341 3670 430 3729 conjux,
457 3666 513 3728 δια]
548 3667 576 3712 Ρ.
601 3668 684 3714 Crasso
744 3670 783 3716 95.
802 3666 920 3729 Hocjuris
931 3668 1043 3732 emta]
1058 3669 1157 3717 Taum
1167 3674 1248 3731 poie-

148 3732 224 3781 Marci
243 3734 271 3779 1¹.
293 3733 332 3792 qui
350 3749 403 3780 cunr
424 3739 489 3795 patre
507 3733 566 3795 apud
585 3731 684 3779 Parthos
710 3731 775 3787 tatis,
785 3740 811 3779 ut
821 3733 912 3779 saulem
922 3749 959 3780 mc
969 3736 1092 3796 conjugem
1102 3734 1147 3783 tui
1156 3736 1231 3783 anat

147 3797 226 3860 pariit,
238 3797 304 3857 prius
313 3804 398 3858 napta:
410 3814 469 3845 nuuc
480 3797 602 3858 Pompeio.
619 3797 685 3843 Idam
744 3801 784 3847 96.
802 3796 832 3844 In
850 3804 940 3845 tantum
951 3795 1054 3846 Forma
1068 3798 1158 3863 aqna]
1173 3797 1249 3858 Qui

146 3868 227 3925 questa
237 3862 353 3907 inducitur
363 3878 377 3908 a
387 3863 520 3910 Plutarcho.
553 3861 640 3916 Video,
649 3861 685 3908 in·
711 3861 813 3909 Fortuna
823 3877 890 3909 suurn
898 3864 937 3922 J'us
947 3863 1023 3911 solun
1037 3863 1062 3911 in
1079 3863 1186 3913 hanina·
1195 3864 1248 3925 pla·

147 3927 205 3988 quit,
222 3931 254 3981 tc,
266 3926 355 3982 marita,
372 3943 416 3974 non
430 3935 470 3975 tua
480 3928 521 3974 sed
533 3942 584 3974 mea
593 3927 686 3973 fortuna
710 3927 785 3982 baias,
801 3943 829 3973 ιο
840 3943 885 3973 non
903 3927 928 3973 in
938 3927 1089 3989 triumphales
1101 3928 1192 3977 hosat
1206 3928 1248 3977 bo·

147 3993 177 4039 ad
195 3990 287 4038 unicum
307 3991 423 4051 navigium
445 3992 567 4046 recidisse,
583 3992 684 4052 quiante
710 3993 799 4050 mines3
815 4007 885 4053 quum
897 3992 1249 4055 palimpissa-ornianus·

147 4055 262 4105 comahae
279 4056 371 4116 nuptias
386 4056 519 4117 quingentis
535 4056 632 4103 navibus
642 4073 685 4118 per
710 4057 797 4120 piores,
813 4056 957 4117 quamtalos.
974 4056 1043 4107 ΗΜ.
1091 4092 1095 4101 .
1137 4098 1140 4103 .

146 4122 191 4169 hoo
207 4136 286 4182 equor
302 4121 431 4175 retraharis,
448 4121 490 4168 &c
508 4123 532 4168 iu
549 4121 597 4168 vita
615 4123 684 4168 Porn-
743 4125 782 4170 97.
800 4120 903 4183 Penus]
919 4122 968 4169 Mai
976 4119 1150 4171 devoraram
1208 4126 1249 4171 111

145 4186 202 4248 peii.
519 4200 522 4207 ’
710 4187 792 4242 saints,
809 4187 940 4233 etiortuuar
949 4186 1114 4235 mantionis
1170 4184 1178 4199 ⁴

179 4255 218 4300 90.
237 4249 276 4298 Me
292 4249 394 4311 protraho
410 4250 474 4297 duro
486 4249 608 4359 Ernmysq
621 4251 683 4297 luic-
743 4254 799 4298 100.
817 4250 944 4328 Comitem]
970 4253 1020 4301 nis.
1038 4249 1249 4317 Malhssiinhs

145 4317 229 4364 linibus
247 4316 359 4376 auspiciis
380 4315 511 4376 nuptiarum
529 4330 599 4375 quere
608 4330 629 4360 a.
649 4314 684 4361 sio
708 4316 796 4379 annu]
812 4317 890 4378 Atque
908 4323 997 4365 annm
1013 4333 1052 4365 m
1061 4316 1129 4381 prin
1139 4314 1249 4365 dumb-

144 4381 287 4443 Hypsiphila
298 4381 421 4429 Ovidiaua
439 4379 501 4428 Nara
510 4380 567 4426 miii
575 4394 615 4426 nec
622 4378 684 4427 Jono
708 4394 767 4438 uro,
783 4386 837 4429 ante
851 4382 911 4429 liano
921 4381 1021 4440 eisdam,
1035 4396 1080 4444 pos
1090 4389 1133 4435 tu
1140 4378 1247 4437 abiait,
