2784 4860
141 319 207 387 188
414 316 464 382 Μ.
500 317 705 385 ANNAEI
750 314 973 387 LUCANI

140 490 206 568 Ac,
223 492 254 555 si
269 492 346 574 quis
361 496 514 555 metuens
529 493 678 555 medium
693 493 858 574 correpsit
871 494 907 555 in
921 510 1054 575 agmen,

141 601 215 667 Vix
229 604 366 685 impune
380 621 463 665 suos
477 603 562 665 inter
577 603 782 695 convertitur
797 622 908 678 essee,

141 710 380 795 Densaturque
396 712 530 795 globus,
547 718 710 797 quantum
725 711 814 793 pede
828 713 938 794 prima
951 712 1060 777 relato
1178 710 1255 779 788ι

141 821 353 886 Constrinxit
365 841 465 905 gyros
480 823 585 887 acies.
601 841 670 885 non
683 841 777 886 arma
791 822 951 887 movendi
1247 854 1252 861 ·

139 932 163 997 J
165 952 221 995 am
234 932 333 996 locus
347 938 400 996 est
413 934 560 1015 pressis:
584 934 777 1016 stipataque
792 933 943 996 membra
956 936 1116 997 teruntur.

142 1041 321 1123 Frangitur
336 1048 501 1107 armatum
517 1042 639 1107 colliso
654 1048 793 1125 pectore
807 1046 939 1125 pectus.

141 1151 223 1216 Non
237 1157 307 1217 tam
320 1154 402 1217 laeta
415 1153 492 1221 tulit
505 1153 615 1216 victor
627 1130 826 1235 spectacula
841 1149 984 1215 Maurus

141 1261 256 1339 Quam
269 1262 405 1327 fortuna
419 1264 544 1326 dabat:
567 1262 691 1325 fluvios
705 1281 774 1324 non
788 1261 846 1325 ille
861 1262 1002 1337 cruoris,
1178 1260 1253 1327 785·

140 1372 437 1456 Membrorumque
450 1374 544 1437 videt
558 1375 704 1455 lapsum,
721 1376 755 1434 et
770 1370 924 1435 ferientia
938 1376 1061 1435 terram

139 1482 314 1566 Corpora:
338 1502 572 1565 compressum
586 1483 686 1546 turba
701 1482 793 1545 stetit
808 1501 907 1544 omne
924 1480 1083 1546 cadaver.
1171 1564 1174 1569 Ι
1249 1512 1252 1517 ·

181 1592 320 1657 Excitet
333 1593 463 1657 invisas
478 1593 561 1657 dirae
575 1591 789 1673 Carthaginis
805 1593 942 1655 umbras

141 1702 277 1771 Inferiis
300 1703 435 1767 foruna
454 1704 574 1767 novis:
597 1703 683 1767 ferat
703 1703 771 1765 ista
795 1707 954 1767 cruentus

140 1810 302 1889 Annibal,
318 1817 353 1875 et
363 1811 550 1877 Poenitam
571 1811 646 1875 dira
659 1811 799 1895 piacula
820 1830 950 1875 manee.
1179 1810 1246 1879 790

142 1921 345 1999 Romanam,
369 1920 503 2003 Superi,
526 1920 659 2003 Libyca
673 1920 791 1984 tellure
811 1919 943 1983 rrriuam

144 2031 314 2114 Pompeio
329 2030 494 2114 prodesse
514 2030 624 2106 nefas,
647 2031 805 2114 votisque
827 2028 1005 2095 Senatus.-

141 2141 295 2225 Aphrioa
308 2161 372 2205 nos
387 2142 502 2225 potius
523 2142 639 2205 vincat
653 2141 730 2204 sibi.
758 2137 861 2205 Curio
876 2138 972 2205 fusas

142 2251 192 2320 Ut
205 2253 291 2317 vidit
305 2254 436 2336 campis
452 2252 558 2329 acies,
582 2257 616 2316 et
630 2270 765 2317 cernere
776 2253 889 2313 tantas
1247 2326 1248 2330 Ἰ

142 2361 303 2426 Permisit
317 2362 434 2427 clades
457 2381 672 2445 compressus
688 2360 851 2441 sanguine
870 2359 996 2443 prdvis,
1179 2363 1245 2433 795

144 2469 227 2537 Non
241 2472 317 2536 tulit
336 2470 471 2539 afflictis
487 2473 634 2537 animam
648 2469 836 2557 producere
859 2469 974 2546 rebus,

143 2644 193 2692 778
208 2641 275 2690 Arsi.
340 2645 388 2691 781
406 2642 535 2691 Constrin't.
599 2644 648 2691 787
664 2649 777 2691 tenentur.
853 2641 902 2690 785
919 2640 988 2688 dedit.
1055 2642 1104 2692 786
1120 2640 1243 2710 laparaafr.

142 2808 203 2848 rum,
211 2792 283 2839 iustu
292 2793 412 2855 grandinis
421 2795 525 2843 lusorum
535 2793 682 2841 multitudine
709 2792 806 2838 Senatus
816 2793 987 2855 Pompeiusque
997 2795 1021 2841 iu
1034 2811 1081 2842 suae
1092 2810 1169 2843 causas
1182 2812 1244 2845 eruo-

145 2858 290 2917 etpoodere.
707 2856 826 2902 limeutnm
841 2857 954 2904 cecidisse
972 2866 1007 2906 tot
1025 2859 1090 2906 cives
1107 2860 1177 2906 Rom.
1188 2862 1244 2909 rnal-

179 2923 236 2969 779.
253 2920 308 2968 Suae
318 2923 378 2968 inter
391 2925 527 2970 moeretur
542 2936 608 2977 enses,
620 2920 683 2968 Den-
707 2920 800 2980 leuique
813 2920 931 2967 victoriam
949 2923 1007 2969 bane
1024 2924 1132 2971 Afrorum
1142 2926 1244 2983 nemim,

144 2991 251 3046 satorque
259 2985 357 3047 globus]
375 2987 483 3043 Suorum,
499 2986 567 3048 globo
584 2987 683 3032 eondeu-
708 3000 775 3044 qnam
787 3000 828 3030 suo
840 2986 941 3031 relatam.
958 2986 1047 3046 Superi,
1059 2986 1244 3050 Libyeatellare,

145 3054 255 3102 satorum,
272 3050 327 3095 dnm
342 3050 369 3106 ii,
383 3051 423 3111 qni
442 3054 472 3097 ab
488 3050 601 3098 exteriori
617 3058 682 3111 parte
707 3047 764 3109 δια]
788 3050 817 3095 In
839 3050 904 3096 Deos
926 3051 1048 3107 exclamat,
1072 3054 1135 3113 quod
1157 3060 1244 3103 natan

146 3112 212 3174 globi
223 3120 294 3169 erant,
306 3113 417 3160 referrent
431 3116 514 3174 pedem
529 3115 683 3176 cederentque
708 3114 794 3158 caedem
805 3113 867 3173 passi
880 3120 932 3159 suut
946 3114 994 3160 lieri
1011 3117 1073 3162 nulla
1089 3118 1179 3177 reipub.
1198 3118 1244 3167 uti·

143 3179 269 3225 introrsum
280 3178 310 3224 ad
320 3178 468 3225 declinandos
478 3179 577 3225 hostium
588 3180 657 3225 ictus.
708 3177 779 3223 litate.
797 3177 879 3224 mellus
901 3181 961 3224 enim
981 3180 1031 3225 Arri
1052 3183 1149 3227 Romam
1166 3184 1244 3243 sublu-

178 3245 234 3291 783.
261 3240 387 3304 Frangitur
405 3250 526 3298 amatum,
543 3242 602 3304 δια]
627 3245 683 3289 Cor·
709 3247 808 3301 gassent,
820 3256 887 3301 quam
899 3244 960 3302 quod
970 3243 1077 3292 libertate
1087 3245 1244 3307 missaper·

145 3321 204 3366 pora
214 3311 300 3353 armata
310 3306 403 3352 armatis
413 3307 550 3367 corporibus
561 3307 625 3353 illisa
635 3307 683 3353 dis·
707 3312 778 3364 petuo
800 3307 842 3351 sub
857 3306 987 3353 cennens
1009 3311 1143 3355 serviamus.
1161 3311 1244 3373 Salpit.

146 3371 260 3427 sillabaut,
274 3371 488 3431 frangebanturque.
708 3369 837 3416 Glareanus
847 3372 951 3430 exponit,
967 3374 1029 3430 qnod
1038 3376 1110 3420 Poeta
1117 3375 1184 3432 velit,
1194 3384 1244 3424 tuas

177 3432 235 3483 784,
252 3432 305 3480 Noa
318 3443 363 3480 tam
380 3434 439 3492 leta,
456 3434 514 3497 &c.]
537 3436 619 3496 Neque
636 3442 683 3482 tam
708 3434 850 3493 Pompeium,
875 3442 923 3480 tum
938 3436 1047 3483 Senatum
1069 3439 1197 3499 tam‘pimn
1216 3454 1244 3489 ae

145 3498 223 3544 latam
239 3513 270 3544 ex
287 3499 351 3545 caede
370 3501 524 3546 Romanorum
539 3500 683 3560 voluptatem
707 3498 874 3557 magnanimum
892 3499 976 3555 videri,
992 3508 1019 3546 nt
1034 3502 1180 3551 maiestras
1194 3502 1244 3553 ris·

145 3567 299 3622 perceperunt
313 3564 398 3620 Mauri,
414 3580 482 3623 quam
498 3564 588 3610 fortuna
604 3565 682 3620 dabat,
707 3576 759 3607 cere
782 3563 896 3609 Romanos
916 3563 968 3619 sibi,
992 3580 1060 3625 quam
1082 3567 1192 3628 Pompeio
1216 3584 1244 3617 ae

146 3639 199 3673 eum
218 3641 264 3672 non
280 3626 363 3672 tlurios
378 3628 503 3688 sanguinis,
518 3644 564 3675 non
579 3628 683 3674 mutilata
708 3625 803 3672 senatui.
1136 3673 1139 3678 ,

146 3696 171 3736 et
181 3689 288 3736 cadentia
297 3691 404 3739 viderent
413 3706 518 3752 corpore,
529 3700 556 3739 ut
567 3708 618 3752 quae
629 3707 682 3738 con·
739 3694 756 3736 7
757 3692 795 3738 93.
814 3690 884 3738 Cario
894 3688 971 3754 farae,
993 3692 1053 3756 dau]
1075 3694 1190 3747 Hortatur
1207 3704 1245 3747 est

146 3753 228 3800 striata
246 3760 270 3801 et
283 3754 368 3814 stipata
384 3756 523 3803 sustinerent
537 3757 682 3812 seinvicem,
708 3752 831 3801 Curionem
848 3755 890 3801 Cn.
904 3756 1027 3814 Domitius,
1044 3759 1168 3817 praelectus
1178 3762 1244 3823 eqni·

58 3843 61 3847 ·
146 3832 220 3878 neque
230 3832 291 3863 caesa
300 3819 434 3865 deciderent
446 3820 475 3865 ed
486 3827 583 3868 terram:
601 3820 635 3867 sie
646 3836 682 3867 ar-
707 3823 765 3873 tum,
781 3835 833 3866 cum
849 3819 930 3881 paucis
947 3820 1128 3879 circumsistens,
1144 3832 1171 3871 ut
1188 3826 1244 3889 fuga

147 3884 223 3938 bores,
234 3881 274 3929 lib.
285 3885 308 3930 3.
319 3898 379 3929 vers.
390 3884 445 3931 445.
709 3884 805 3929 salutem
815 3891 914 3944 peteret,
932 3898 1002 3943 seque
1017 3887 1043 3931 in
1062 3894 1139 3934 castra
1154 3890 1245 3953 resipe-

179 3948 236 3995 788.
254 3944 343 3992 Emtae
359 3947 441 3994 inuisus
459 3948 514 3994 dire
530 3947 682 4011 Carthaginis,
708 3954 758 3993 ret:
775 3949 838 3994 aeab
849 3964 877 3995 eo
890 3964 935 3994 uon
947 3948 1101 3997 discessurum
1117 3952 1242 4013 pallidus.

147 4010 206 4073 diu]
231 4010 318 4056 Inritet
337 4011 449 4057 excitatas
468 4013 682 4073 Carthaginensium
709 4011 740 4057 At
751 4013 822 4058 Curio
832 4012 1044 4072 nunquam2amisso
1054 4016 1244 4079 exercitamus

147 4075 238 4121 umbras
248 4076 349 4121 Fortuna
365 4076 393 4120 ad
412 4076 461 4121 lraec
477 4077 609 4135 parentalia.
621 4084 682 4123 retu·
708 4076 822 4123 aCresare
833 4077 886 4123 fidei
899 4092 945 4123 sure
959 4079 1103 4125 commissum
1114 4088 1243 4143 acceperat,

146 4140 223 4186 lerunt
239 4136 325 4199 qnippe
342 4139 457 4186 victorum
475 4147 572 4200 nepotes
588 4141 682 4187 inferias
709 4156 733 4185 se
744 4141 768 4187 in
778 4143 828 4200 ejus
839 4148 988 4201 conspectam
1004 4158 1149 4191 reversurum
1160 4146 1245 4195 oon&-

146 4202 263 4258 Anuibali,
274 4203 365 4249 abunde
376 4209 553 4265 parentaverunt
567 4204 609 4251 bac
619 4205 683 4255 caede
708 4205 788 4262 mavit,
808 4213 877 4266 atque
892 4206 925 4252 ita
939 4205 1045 4266 praelians
1057 4207 1191 4265 interiectu
1199 4216 1248 4265 ert..

146 4267 228 4321 animis
240 4268 366 4314 Pronurum
377 4282 391 4312 a
403 4267 451 4313 suis
467 4282 585 4313 caesorum.
709 4269 774 4319 Com.
786 4269 888 4319 stabat.
896 4272 919 4319 2.

179 4335 236 4387 791.
254 4330 383 4391 Murram,
401 4330 458 4399 δια]
477 4332 601 4380 Indoluere
620 4338 683 4385 certe
