2784 4860
335 336 564 406 CIVILIS
610 333 787 402 BEnLI
830 333 942 399 LIB.
980 335 1051 446 III.
1179 339 1245 404 417
1298 354 1302 361 ’

142 512 211 592 Qui
226 532 280 576 me
295 517 391 588 teste,
407 513 491 595 pati,
506 513 561 576 vel
577 531 655 594 quae
671 512 1060 594 tristissima„pulcrum,

141 623 403 703 Romanumque
418 628 548 703 putant.
565 627 600 685 at
620 623 679 704 qui
694 641 859 703 sponsore
875 623 996 686 solutis

141 731 245 796 Miles
260 738 345 814 eget,
363 732 562 813 capiturque
577 733 699 794 animae
716 731 907 808 dulcedine,
922 732 1027 795 vadat

141 840 199 906 Ad
214 842 387 905 dominum
401 841 540 904 meliore
555 842 623 904 via.
638 841 719 904 dum
736 841 865 923 primus
881 861 1001 905 arenas

141 949 325 1032 Ingrediar,
341 951 536 1033 primusque
551 951 674 1032 gradus
689 952 725 1014 in
740 951 879 1033 pulvere
894 970 1032 1032 ponam,
1174 951 1241 1015 395

143 1059 202 1124 Me
219 1060 312 1124 calor
327 1061 492 1124 aethereus
507 1060 616 1137 feriat,
638 1060 720 1123 mihi
735 1061 981 1141 plenaveneno

143 1168 307 1234 Occurrat
324 1190 462 1252 serpens
475 1189 483 1247 3
507 1169 646 1252 fatoque
659 1169 814 1251 pericula
826 1175 941 1233 vestra

141 1278 345 1344 Praetentate
360 1301 455 1344 meo:
479 1280 582 1356 sitiat,
599 1281 792 1362 quicunque
807 1280 981 1342 bibentem

141 1390 292 1454 Viderit:
317 1396 375 1455 aut
389 1391 527 1454 umbras
540 1407 713 1453 nemorum
730 1389 923 1472 quicunque
938 1394 1119 1472 petentem,

143 1501 297 1564 AEstuet:
321 1505 380 1564 aut
395 1501 543 1582 equitem
558 1498 709 1581 pedibnn
723 1500 917 1582 praecedere
932 1506 1070 1576 turmas,
1176 1499 1241 1564 400

143 1611 311 1689 Deficiat3
335 1612 365 1673 si
380 1630 448 1692 quo
463 1610 564 1672 fuerit
578 1609 771 1672 discrimine
786 1614 904 1673 notum

142 1721 235 1798 Dux,
252 1742 297 1784 an
311 1721 409 1783 miles
424 1739 510 1783 eam.
527 1737 677 1802 serpens,
694 1719 781 1794 sitis
797 1719 912 1796 ardor,
925 1739 1049 1797 arenae,
1127 1709 1129 1716 ’

143 1832 270 1896 Dulcia
283 1831 397 1894 virtuti
411 1852 418 1893 :
443 1829 579 1894 Gaudet
590 1829 754 1911 patientia
768 1827 872 1892 duris.

143 1943 272 2007 Laetius
288 1947 350 2018 est,
367 1942 502 2024 quoties
517 1959 640 2022 magno
656 1939 722 2002 sibi
738 1942 882 2015 constet,
898 1938 1089 2003 honestum.

140 2054 224 2118 Sola
238 2058 352 2136 potest
367 2052 475 2134 Libye
491 2051 622 2115 turbam
637 2053 800 2131 praestare
815 2049 993 2126 malorum,
1138 2085 1149 2120 r
1174 2049 1241 2113 405

140 2163 188 2228 Ut
203 2165 324 2228 deceat
337 2164 466 2245 fugisse
482 2163 586 2226 viros.
631 2159 690 2222 Sic
705 2158 762 2220 ille
779 2159 929 2222 calentes

139 2268 296 2338 Incendit
309 2275 430 2338 virtute
447 2273 590 2346 animos,
607 2275 641 2334 et
656 2287 770 2332 amore
784 2269 951 2346 laborum,

140 2381 400 2465 Irreducemque
416 2381 509 2445 viam
525 2381 659 2444 deserto
674 2379 780 2443 limite
797 2381 925 2463 carpit:

140 2494 184 2559 Et
198 2513 332 2558 sacrum
346 2512 453 2576 parvo
468 2511 591 2555 nomen
607 2490 765 2555 clausura
780 2491 938 2574 sepulcro

142 2668 189 2714 391
202 2668 246 2728 qui.
321 2668 370 2714 392
380 2673 466 2725 potent.
540 2665 588 2714 395
598 2663 725 2723 prioreque.
808 2665 856 2712 405
862 2672 928 2726 potes.
1010 2668 1059 2714 405
1070 2667 1145 2723 torta,
1156 2675 1238 2714 turmo.

269 2734 317 2780 405
328 2731 433 2776 laborum.
612 2729 661 2776 406
672 2728 755 2774 docem.
942 2731 990 2792 406
1001 2741 1107 2788 paventes.

367 2798 415 2844 408
426 2792 617 2854 inredecemqroe.
779 2796 905 2853 ruspare
915 2807 1011 2841 omrem.

174 2939 230 2984 392.
249 2934 415 2997 Manumque
434 2934 537 2997 putent]
564 2933 678 2987 Romano,
702 2939 726 2979 et
736 2934 815 2994 major.
834 2933 913 2995 Sulpit.

139 3001 164 3048 id
177 3007 220 3056 est,
232 3000 286 3046 forti
300 3000 351 3047 viro
362 3000 464 3060 dignum.
489 2998 678 3060 Atqut'spomcre
734 3001 791 3048 405.
808 2998 859 3046 sole
872 3008 942 3060 potest
954 2999 1085 3063 Libyedrc.
1115 3001 1237 3049 Timidita-

140 3063 240 3126 solens]
255 3064 302 3122 Qui
324 3080 389 3117 vero*
400 3064 458 3110 odeo
477 3062 556 3123 ignavi
574 3067 634 3118 sunt,
652 3069 678 3108 ut
702 3060 733 3108 tis
742 3069 767 3109 et
777 3064 851 3124 turpis
859 3064 919 3125 iugae
928 3065 1022 3112 crimine
1031 3066 1088 3112 abso
1099 3074 1184 3114 retnos
1192 3067 1237 3115 iter

141 3131 209 3176 soluti
221 3145 268 3176 sure
284 3136 308 3175 et
327 3129 383 3175 viter
400 3128 454 3188 plus
472 3127 598 3182 consulant
609 3142 677 3187 quem
702 3126 745 3172 hoc
755 3143 797 3188 per
806 3129 888 3190 Libyes
902 3129 1005 3188 pericula
1013 3130 1074 3176 omui
1085 3131 1150 3178 hoste
1162 3133 1238 3193 grevi-

141 3195 237 3241 honesto
248 3201 272 3240 et
286 3192 387 3240 libertati
397 3209 404 3250 ;
420 3193 449 3239 iis
467 3200 531 3253 petet
549 3191 642 3238 mollior
653 3197 677 3236 et
702 3206 742 3237 ors
753 3200 833 3252 sponte
845 3200 985 3254 susceptum.
995 3193 1066 3257 Libye
1072 3193 1160 3241 turbam
1168 3210 1237 3255 praer·

141 3258 230 3305 fecilior
242 3260 270 3305 ed
283 3264 373 3318 turpem
383 3257 518 3304 servitutem
533 3255 578 3303 vis.
702 3263 759 3312 tere,
770 3255 826 3319 &c.]
844 3257 919 3315 Quasi
930 3259 1002 3315 dicet,
1018 3260 1078 3306 (lum
1094 3259 1151 3306 ulios
1168 3266 1236 3320 turpe

173 3326 228 3373 394.
246 3322 367 3369 Dominum
377 3322 465 3369 meliore
485 3319 542 3382 otu]
560 3321 677 3368 Goeserern
702 3319 733 3366 sit
741 3320 798 3368 viris
806 3323 886 3383 lugere
895 3323 1004 3370 mulorum
1012 3330 1084 3378 metu,
1092 3323 1159 3385 quale
1169 3323 1236 3384 quid-

140 3387 255 3435 libertatis
276 3402 443 3448 oppressorem.
479 3385 570 3434 Primus
588 3400 677 3441 oretur,
701 3384 754 3433 dem
764 3393 819 3446 post
833 3387 1104 3448 pugnsmvPbersalicsm
1123 3387 1237 3436 eccidisse

142 3450 199 3516 &c.]
225 3453 319 3513 Septem
337 3450 507 3498 continentibus
529 3449 611 3497 diebus
631 3450 677 3498 iter
701 3449 876 3510 videripctest:
893 3451 1236 3512 Libyaquistotmulissbun-

141 3517 226 3564 fuctum
236 3525 279 3571 est.
290 3532 342 3564 cum
359 3516 410 3577 ipse
428 3530 508 3577 agmen
523 3515 596 3574 pedes
606 3515 682 3561 duee>
701 3513 749 3568 det,
760 3513 907 3574 ignominium
916 3523 940 3564 et
949 3515 1114 3576 turpitudinem
1121 3516 1180 3563 bano
1191 3518 1236 3564 tol·

141 3587 185 3638 ret,
196 3597 270 3642 neque
282 3596 379 3642 unquam
397 3596 456 3641 equo
467 3586 506 3625 sut
513 3580 616 3639 jumento
626 3587 677 3626 ute-
701 3576 740 3624 let.
758 3579 840 3640 Neque
860 3579 921 3626 euim
937 3580 1048 3627 melorum
1064 3586 1128 3627 melu
1146 3575 1248 3642 fugiue‘

140 3654 211 3694 retur.
229 3646 340 3693 Goenebet
356 3644 426 3691 etiem
440 3644 537 3699 sedens3
552 3659 604 3690 nem
623 3652 677 3703 post
701 3641 840 3699 videbimur,
855 3659 925 3704 quum
942 3645 1004 3690 ultro
1020 3645 1131 3692 mulorum
1146 3647 1237 3694 turbem

140 3711 296 3758 Pharsalicam
304 3710 401 3764 cladem,
412 3708 486 3769 priori
496 3707 521 3754 id
530 3707 603 3753 luctui
612 3708 676 3754 eddi·
701 3713 814 3766 petamus,
826 3723 921 3770 euinque
931 3714 1015 3756 terram
1029 3724 1186 3770 peremerunt,
1193 3726 1236 3759 un·

141 3776 214 3832 deret,
225 3783 252 3822 ut
271 3789 385 3834 nunquam
402 3774 447 3820 nisi
464 3771 594 3819 dormiendi
608 3787 677 3819 ceusu
701 3771 731 3817 de
742 3771 894 3831 periculorum
903 3773 956 3834 plus
965 3774 1111 3821 metuendum
1120 3774 1157 3830 sit,
1167 3790 1234 3835 quem

141 3841 293 3886 accumberet.
327 3838 443 3885 Plutsrch.
467 3837 491 3883 in
510 3838 597 3884 Getone
617 3836 674 3882 Min.
702 3835 998 3886 eihostiobviumiremus.
1015 3839 1237 3900 InquitnrutStoi-

140 3905 224 3951 Strabo
235 3903 322 3951 veroin
334 3903 375 3950 ult.
386 3903 426 3949 lib.
438 3903 507 3950 refert
517 3916 569 3948 eum
577 3903 617 3948 30.
627 3901 677 3948 die·
701 3915 758 3958 cus;
774 3901 860 3949 docent
870 3901 931 3948 enim
942 3902 1017 3955 Stoici
1022 3900 1133 3960 ἶιπάθιιαν,
1145 3903 1235 3952 volunt-

141 3973 184 4017 bus
198 3968 287 4028 Syrtim
298 3968 415 4015 lustrasse.
701 3965 887 4026 queasopiente,
899 3981 987 4013 omnem
1001 3973 1087 4016 metum
1102 3983 1129 4014 so
1147 3976 1238 4031 pertur-

174 4036 230 4084 396.
249 4031 289 4079 Me
299 4033 360 4079 celer
371 4031 496 4093 ormena]
515 4029 625 4091 Rigidum
632 4031 676 4077 Ge·
701 4028 816 4078 bstionem
827 4030 1010 4078 ubersedebere.
1027 4031 1142 4094 Micyllus.

141 4109 217 4147 torem
228 4097 330 4144 delineet
339 4097 433 4150 diserte,
444 4096 498 4141 dum
507 4110 532 4141 se
544 4095 626 4140 ducem
646 4095 674 4140 sd
733 4096 789 4141 408.
807 4093 986 4158 lrredeeemqrre,
994 4094 1052 4158 &c.]
1061 4098 1106 4144 Per
1114 4113 1182 4159 quem
1190 4114 1237 4145 oon

142 4158 646 4287 ⁰m3igmffl'fmqidmmimm
700 4157 904 4272 edldgdeffdm
1052 4221 1074 4270 ἃ
1096 4200 1157 4286 m
1176 4225 1235 4274 cm

106 4233 444 4278 '9,..e.
783 4238 1095 4280 ·socrum,o.

174 4296 230 4341 404.
248 4289 390 4354 Murem]
403 4287 484 4337 Omnis
491 4287 567 4334 virtus
576 4303 621 4347 quo
629 4285 674 4334 cir·
700 4301 794 4335 securus
804 4288 854 4346 fad,
862 4288 924 4349 quod
933 4239 1035 4335 eum
1044 4290 1159 4348 monebat,
1172 4287 1235 4338 inve·

143 4374 170 4404 os
180 4354 309 4405 difficiliore
323 4358 428 4404 versitur
445 4370 473 4400 eo
482 4351 620 4400 laudabilior
638 4363 675 4399 est
700 4351 731 4399 sit
742 4353 840 4416 libyum
851 4352 896 4402 sibi
904 4353 1003 4402 Istslem.

607 4416 673 4481 311
