2784 4860
137 338 205 406 1178
404 335 457 405 Μ.
500 334 705 404 ANNAEI
748 334 971 407 bucam

137 514 194 580 Ad
210 513 432 599 Pompeianae
448 510 581 577 socimn
596 512 663 576 sibi
674 512 783 580 caedis
791 510 981 592 Achillam*
1072 596 1076 603 Ι
1188 518 1255 585 350
1269 484 1274 497 ’

86 618 90 627 ’
141 626 254 707 Quem
267 644 351 709 puer
364 623 513 688 imbellis
528 622 662 688 cunctis
676 624 878 708 prsefecerat
891 624 1007 705 armis,

140 738 186 804 Et
200 737 339 802 dederat
352 737 486 814 fenum,
502 735 596 801 nullo
617 735 684 800 sibi
701 734 778 818 jure
791 740 935 817 retento,

139 848 183 916 In
198 855 352 927 cunctos
367 849 403 917 in
417 866 523 933 seque
538 846 650 912 simul.
694 844 750 910 uu
763 846 937 927 mollibus,
945 847 1075 935 inquit,

141 960 244 1026 Nunc
255 960 414 1026 incumbe
429 959 524 1036 toris,
540 964 574 1024 et
587 957 732 1043 pingues
746 958 848 1042 exige
863 974 1023 1027 somnos:

142 1072 275 1139 Invasit
289 1072 473 1157 Cleopatra
487 1071 637 1136 domum.
652 1088 716 1134 nec
731 1070 869 1153 prodita
877 1076 1010 1137 tantum
1023 1078 1089 1151 est,

142 1184 211 1249 Sed
226 1184 353 1249 donata
367 1183 510 1249 Pharos.
528 1202 646 1248 cessas
662 1200 838 1248 accurrere
849 1183 946 1250 solus
1057 1180 1062 1189 '

142 1293 199 1358 Ad
215 1293 362 1359 dominae
373 1292 565 1357 thalamosl
586 1294 693 1359 nubet
706 1313 803 1360 soror
816 1294 925 1380 impia
936 1292 1055 1363 fratri:

143 1403 236 1470 Nam
249 1404 349 1470 Latio
359 1404 434 1490 jam
444 1409 551 1489 nupta
565 1402 645 1469 duci
658 1410 728 1471 est:
750 1407 904 1492 interque
913 1408 1055 1475 maritos

144 1516 347 1580 Discurrens
363 1516 537 1600 AEgypton
547 1514 661 1594 babet,
675 1514 892 1603 Romamque
905 1524 1064 1587 meretur.
1133 1501 1142 1511 ³

144 1626 350 1711 Expugnare
365 1646 481 1692 senem
493 1628 606 1711 potuit
620 1626 805 1713 Cleopatra
825 1631 978 1697 venenis.

144 1736 253 1802 Crede
268 1738 370 1801 miser
384 1757 510 1823 puero:
534 1756 636 1821 quem
649 1757 721 1802 nox
736 1738 767 1802 si
777 1737 931 1823 junxerit
939 1758 1022 1817 una,

144 1846 189 1911 Et
203 1846 308 1911 semel
323 1848 503 1931 amplexus
518 1848 651 1912 incesto
666 1852 805 1932 pectore
819 1866 947 1933 passus

143 1958 308 2023 Hauserit
322 1960 523 2023 obscoenum
537 1958 634 2023 titulo
648 1958 789 2043 pietatis
802 1978 965 2038 amorem,

144 2070 283 2154 Meque,
297 2075 460 2154 tuumque
475 2074 590 2154 caput,
602 2089 664 2154 per
678 2070 813 2154 singula
825 2070 968 2138 forsitan
980 2070 1033 2139 illi

143 2182 274 2248 Oscula
288 2183 439 2248 donabit.
456 2184 627 2261 crucibus,
641 2182 856 2267 flammisque
869 2182 1004 2249 luemus

144 2297 181 2360 Si
194 2296 295 2360 fuerit
308 2297 459 2360 formosa
475 2314 581 2360 soror.
596 2295 645 2359 nil
658 2293 808 2378 undique
822 2298 929 2360 restat

143 2407 295 2474 Auxilii:
317 2429 379 2473 rex
392 2408 471 2473 hinc
488 2407 650 2493 conjunx,
665 2406 745 2471 hinc
761 2404 880 2471 Caesar
894 2406 1045 2474 adulter:

144 2520 188 2584 Et
202 2537 331 2597 sumus,
345 2524 384 2583 ut
397 2519 515 2598 fatear,
526 2525 597 2584 tam
611 2537 707 2583 saeva
717 2516 836 2602 judice
850 2522 977 2583 sontes.

146 2632 257 2711 Quem
272 2631 490 2696 nonenobis
505 2631 621 2697 credet
635 2628 819 2713 Cleopatra
832 2635 1015 2717 nocentem
1218 2692 1223 2699 .

145 2744 175 2806 Α
190 2764 258 2828 quo
271 2749 368 2810 casta
382 2744 467 2809 fuiti
483 2764 544 2828 per
558 2749 604 2821 te,
621 2740 714 2827 quod
728 2740 873 2806 fecimus
886 2760 967 2819 una,
1189 2742 1256 2809 370

145 2907 193 2952 350
210 2913 330 2960 ruentum,
340 2912 430 2961 retecto,
446 2905 531 2961 relicto,
548 2905 616 2952 Bers.
707 2904 755 2954 355
768 2902 867 2965 perlita
957 2904 1007 2955 ³⁵⁷
1022 2902 1133 2953 thahu
1140 2906 1258 2955 mr

265 2973 314 3021 357
330 2972 413 3032 nupsit,
423 2971 502 3017 nubit:
560 2972 609 3018 360
625 2969 712 3015 ducem.
778 2970 827 3018 368
843 2965 918 3032 sisoi.
983 2970 1033 3019 369
1048 2982 1076 3017 α
1085 2968 1130 3017 neb

406 3038 454 3084 369
470 3035 549 3082 credit.
742 3034 792 3080 370
804 3049 846 3095 per
856 3043 885 3089 ts,
895 3032 990 3096 aquo&

180 3162 236 3211 353.
255 3159 290 3208 Tu
309 3161 417 3217 mollibus,
444 3159 502 3225 dra]
531 3160 570 3208 Ex
592 3159 686 3221 obliquo
744 3161 801 3209 361.
820 3156 1064 3223 craumersiae]
1081 3160 1131 3209 irs
1145 3176 1255 3223 m

148 3227 268 3288 segnitiem
278 3226 341 3273 illius
352 3241 464 3285 arguens:
476 3226 590 3274 Achillem
601 3225 629 3272 sd
642 3240 687 3287 cq-
712 3222 787 3271 Crede
794 3226 843 3286 jam
855 3222 986 3285 Olecpslrm
996 3224 1162 3283 Pteleum,
1177 3228 1257 3279 illih-

148 3293 201 3340 dem
212 3292 311 3339 Coesaris
324 3291 418 3338 ercitst.
712 3303 848 3351 qumque
858 3286 1256 3351 mncmcoeserempoiuilimo·

180 3358 236 3406 355.
254 3355 358 3404 Domum.
376 3354 498 3419 Regiam]
711 3368 760 3401 rem
777 3356 812 3402 sui
830 3350 950 3416 pollicere.
967 3352 1069 3403 Grotius.
1092 3354 1172 3407 dese
1190 3358 1257 3409 nir

181 3424 237 3471 356.
255 3421 298 3468 Sed
317 3423 400 3468 dorato
420 3419 524 3484 Phoros]
544 3420 591 3467 Sed
610 3419 687 3481 pelam
709 3418 799 3481 puero]
816 3418 918 3467 lrouicc.

148 3487 445 3549 donstumestCleopstrae
462 3484 686 3547 sCaessreAEgypti
744 3482 903 3532 363106αο
918 3490 1009 3547 pectore
1022 3482 1123 3549 m]
1151 3486 1256 3545 fluoris,

148 3569 250 3615 regnum.
269 3551 343 3598 Cessas
360 3564 480 3598 occanere
498 3549 575 3614 solim]
593 3552 686 3607 Gerena
712 3548 1107 3610 quamdueritinmstrimoninm.

148 3618 186 3664 vel
204 3619 224 3664 ri
241 3617 306 3664 solus
317 3631 381 3663 esses
392 3631 466 3677 neque
477 3615 519 3662 tali
531 3616 636 3663 exercitu
652 3614 687 3661 in·
744 3614 800 3664 363.
819 3612 938 3672 Hauserit
954 3610 1012 3679 dra]
1028 3612 1149 3663 moestum
1162 3616 1256 3667 rebro-

149 3688 258 3740 sumetur,
275 3696 394 3729 accurrere
406 3682 433 3726 sd
446 3681 487 3727 bus
499 3681 590 3743 nuptias
608 3680 687 3742 oppri·
711 3677 958 3741 rliconJ'ugiinomins.
1175 3716 1179 3723 .

148 3747 243 3794 mendas
255 3754 279 3794 et
289 3744 481 3806 praeveniendas?
744 3746 800 3795 366.
818 3742 1029 3811 Sijberissomm
1037 3742 1119 3811 mn]
1134 3744 1164 3793 si
1182 3746 1256 3797 loru

182 3814 238 3861 357.
257 3810 333 3858 Nubel
340 3826 408 3865 soror,
419 3808 476 3872 dic]
494 3809 531 3856 lis
541 3809 585 3857 leci
597 3826 627 3857 ex
639 3811 686 3857 Μι.
712 3810 798 3856 sororis
808 3808 874 3856 frslri
882 3808 974 3873 plaeere
982 3808 1089 3871 emporii.

148 3879 172 3924 in
183 3877 267 3938 quibus
279 3876 351 3922 victu.
361 3875 448 3936 vulgati
457 3875 524 3935 pejus
532 3875 615 3936 nupsit.
628 3876 688 3922 Gro·
745 3875 802 3923 368.
818 3873 881 3921 Ssoc
887 3874 970 3935 judice
979 3874 1070 3939 sorites]
1086 3872 1223 3937 lum

149 3944 203 3990 tius.
221 3940 298 3988 Nubes
317 3940 464 4001 error'impt'c
476 3938 572 4002 fiatri]
601 3939 689 3987 Procul
745 3941 801 3988 369.
820 3936 1138 4016 Nossesn‚&o.]v01bos
1154 3940 1256 3991 ndns

149 4008 221 4055 dubio
229 4004 314 4053 efficiet
325 4006 403 4051 Caesar
414 4004 452 4050 oni
462 4003 503 4050 illa
510 4005 558 4064 jum
569 4005 620 4051 vice
630 4020 688 4053 uso·
713 4005 775 4063 quod
786 4019 832 4052 nou
849 4009 874 4051 et
884 4018 927 4051 nos
944 4019 998 4052 cum
1006 4002 1049 4053 111·
1062 4006 1257 4057 memiin-

148 4075 180 4121 ris
188 4078 233 4133 est,
241 4078 268 4119 ui
276 4069 399 4129 Cleopatra
407 4069 543 4116 concilietur
552 4070 687 4118 Ptolemaeo.
712 4069 842 4117 habuimus.

180 4138 237 4187 359.
255 4133 397 4192 Discurrens,
413 4134 470 4199 bra]
489 4134 537 4181 Per
549 4136 620 4184 vices.
638 4134 690 4183 Me·
746 4136 803 4191 370.
821 4132 868 4180 Per
885 4132 929 4197 ta]
956 4132 1097 4183 Obloststio.
1118 4132 1257 4203 ῥυσόμ-

147 4202 232 4265 suus]
248 4200 373 4247 Noctibus.
713 4214 763 4248 mus
779 4198 848 4263 unse]
865 4198 1001 4249 ostentatur
1017 4198 1134 4249 seruum
1148 4214 1196 4263 per
1206 4218 1258 4253 ιω-

179 4271 237 4318 360.
250 4261 560 4326 &capacissimam
576 4259 688 4327 Venena]
713 4264 764 4312 lere
785 4271 809 4312 et
826 4262 913 4313 neusa
933 4264 995 4313 inter
1015 4272 1204 4329 scpmpemnm,
1229 4274 1257 4315 nt

149 4332 255 4389 Philtris,
278 4329 396 4378 veneficiis
415 4328 507 4386 emeris,
523 4328 641 4379 illecebris
665 4336 691 4378 ct
714 4345 783 4391 qnam
795 4328 957 4391 primumcum
975 4328 1083 4379 ωεσίιι
1096 4340 1258 4395 uppropcrels

148 4398 270 4445 lenociniis
279 4396 366 4443 formo.
715 4397 843 4444 oberunt
859 4408 902 4457 per
917 4394 1003 4454 lodus,
1018 4395 1131 4459 ιιιμίιο
1147 4396 1259 4461 Pcnpnil
1280 4418 1283 4423 ·
