2784 4860
371 294 378 309 Ι

142 354 213 423 see
404 351 456 418 Μ.
490 351 689 421 nnunl
732 318 970 423 nuceru'

147 527 251 594 Nunc
264 528 328 593 tibi
340 547 423 595 rere
436 527 522 593 fides
543 529 680 612 quaesiti
702 528 829 612 Magne
843 528 974 595 favoris

148 638 309 721 Contigit,
328 660 370 704 ac
386 639 527 705 fructus.
548 639 633 704 felix
649 660 687 704 se
708 642 820 705 nescit
840 641 960 705 umeri.

189 748 309 817 cesar
324 756 361 814 ut
383 750 555 833 Hesperio
575 751 662 815 vidit
677 753 762 816 satis
785 771 869 817 erre
881 756 1000 818 nature

146 861 331 943 Sanguine,
351 860 560 944 percendum
575 860 674 938 ferro,
690 864 917 947 manibusque
936 882 1079 929 suorum

146 970 227 1038 Jmn
247 977 352 1050 ratus,
369 978 407 1035 ut
425 972 512 1036 viles
533 973 677 1049 ammes,
699 975 916 1058 perituraque
932 974 1059 1039 frustra
1093 1026 1099 1037 .
1188 975 1257 1042 ⁷³⁰

145 1083 294 1167 Agmina
311 1083 465 1166 permisit
479 1083 570 1147 vitee.
592 1084 654 1147 sed
675 1091 788 1151 castra
801 1087 940 1169 fugatos

146 1194 202 1260 Ne
222 1200 394 1270 revocent,
414 1195 588 1278 pellatque
610 1197 708 1278 quies
727 1203 893 1262 nocturne
912 1215 1099 1281 perorem
1206 1222 1209 1227 ·

144 1302 306 1371 Protinus
330 1305 447 1369 hostili
468 1306 586 1370 statuit
601 1308 785 1372 succedere
799 1308 904 1385 vallo,

145 1408 238 1483 Dum
253 1417 388 1481 fortuna
403 1417 504 1494 celet,
518 1417 598 1481 dum
614 1419 752 1483 conficit
770 1419 887 1482 omnia
900 1422 1018 1496 terror,

144 1526 227 1593 Non
246 1530 373 1592 veritus
394 1547 554 1609 gravem
574 1528 688 1605 sessis,
704 1548 746 1593 ec
761 1527 873 1592 Marte
894 1529 1049 1593 subactis
1184 1529 1254 1597 7³⁶
1347 1568 1353 1576 ·

145 1638 226 1704 Hoc
242 1639 330 1703 foret
342 1639 531 1722 imperium.
552 1659 621 1704 non
635 1659 759 1722 magno
777 1639 964 1705 hortamine
976 1640 1076 1705 miles

145 1749 188 1816 In
207 1750 360 1834 praedam
383 1750 560 1814 ducendus
584 1755 675 1814 eret:
698 1751 843 1815 victoria
860 1751 962 1815 nobis

144 1858 254 1927 Plena
267 1862 343 1939 viri,
360 1862 468 1926 dixit:
492 1867 649 1945 superest
660 1883 722 1946 pro
739 1863 903 1944 sangnine
917 1882 1061 1940 merces,

144 1970 258 2052 Quem
279 1979 466 2038 monstrare
479 1994 592 2037 meum
605 1978 675 2037 est:
698 1992 762 2037 nec
783 1973 873 2037 enim
886 1973 1013 2037 donem
1034 1974 1182 2054 vocabo,

92 2156 95 2161 ,
144 2081 248 2163 Quod
271 2086 337 2148 sibi
353 2087 498 2168 quisque
513 2085 620 2149 debit.
644 2084 776 2148 cunctis
800 2104 844 2148 en
864 2085 970 2168 plene
980 2084 1127 2150 metallis
1181 2086 1252 2152 740

144 2191 266 2258 Castra
281 2201 419 2278 patent:
442 2200 576 2278 raptum
596 2195 777 2278 Hesperiis
793 2197 984 2278 egentibus
996 2216 1117 2261 aurum

144 2304 216 2370 Hic
232 2306 343 2390 jacet:
367 2305 529 2389 ansque
543 2312 699 2389 premunt
713 2308 858 2372 tentoria
873 2328 988 2389 gazas.

143 2415 212 2482 Tot
233 2437 349 2499 regum
364 2416 500 2482 fortune
522 2418 634 2493 simul,
659 2417 847 2501 Magnique
871 2423 995 2483 enecta

144 2525 316 2611 Expectat
338 2528 515 2592 dominos:
539 2549 686 2611 propere
701 2530 885 2611 procedere
909 2530 1008 2594 miles

145 2634 243 2715 Quos
259 2638 432 2721 sequeris:
456 2659 678 2723 quascunque
699 2644 776 2703 tuas
798 2639 980 2705 Pharsalia
992 2640 1088 2718 fecit,
1180 2640 1249 2707 745

142 2747 292 2814 Arietis
311 2750 485 2834 rapiantur
500 2771 597 2834 opes.
613 2771 677 2815 nec
692 2751 793 2834 plura
806 2751 942 2816 locutus

143 2910 364 2974 reeMugm,vem.
446 2914 496 2959 764
505 2911 627 2975 eumeces.
673 2882 758 2960 Ι735
769 2920 811 2959 eut
821 2910 856 2958 M.
869 2911 931 2959 tend
946 2910 982 2961 Μ.
1056 2912 1106 2962 736
1116 2908 1251 2977 Nenfoeeti

288 2978 740 3103 ttsqepeeeefflmmpfflueregent.
801 3045 850 3092 746
857 2976 1097 3105 semmam

176 3180 232 3229 776.
251 3177 321 3228 Nunc
338 3182 379 3228 riti
392 3196 444 3228 eet-a
455 3179 527 3242 fides,
543 3146 600 3243 inlu]
617 3180 681 3243 Ignis
739 3182 796 3230 737.
813 3180 928 3229 Pavorem.
958 3178 1161 3242 Pompeienernrn.

142 3243 181 3292 tte
191 3244 292 3304 periculi
308 3252 332 3293 et
343 3246 489 3295 edrereitetie
506 3246 616 3308 probarit
635 3246 681 3293 tibi
738 3247 795 3295 735.
814 3245 914 3295 Mertee
983 3246 1017 3311 .]
1035 3244 1247 3311 Defntigefiepq·

144 3324 222 3357 rernm
241 3327 342 3359 emerem
361 3326 440 3358 eornm
453 3327 550 3373 quornm
568 3311 637 3358 fidem
656 3311 681 3358 in
706 3326 743 3358 ne.

141 3374 261 3436 prosperis
272 3377 415 3437 explentem
433 3378 518 3424 hebere
535 3392 581 3423 nnn
599 3377 680 3434 detur;
738 3376 795 3424 739.
813 3373 864 3422 Nec
884 3376 943 3423 enim
959 3375 1043 3422 ἅωιανο
1060 3374 1158 3439 Μῶα]
1174 3374 1246 3435 Quod

143 3452 195 3487 cm
206 3441 285 3502 plures
294 3442 408 3489 fortunent
419 3457 488 3503 quern
502 3440 626 3488 amicitiem
641 3456 681 3487 ce·
706 3440 752 3488 eibi
764 3440 819 3486 dere
830 3441 914 3503 poerit,
925 3441 1008 3503 cuique
1018 3446 1123 3489 restrum
1136 3440 1161 3489 in
1175 3456 1246 3490 m

143 3505 200 3562 Ιᾳῐ.
705 3505 907 3565 est,neqneenim
916 3520 960 3566 pro
971 3505 1039 3552 denis
1050 3505 1213 3569 eeinrpntebn.
1231 3554 1241 3565 ,-

173 3570 231 3616 728,
250 3569 376 3632 Hesperie]
394 3570 514 3618 Italorum.
737 3573 795 3619 740.
814 3568 887 3617 Plena
897 3570 997 3618 nutritis
1028 3570 1203 3621 Murrum.

174 3637 231 3682 730.
251 3631 679 3698 Vileeenimee,pcriturequesrurtre.]
737 3637 795 3682 741.
813 3633 935 3697 Hesperiis,
955 3634 1001 3683 &n
1037 3634 1168 3697 Hiepenlie,

141 3695 251 3746 Hebeies
271 3706 295 3747 et
316 3702 435 3762 gregarios
455 3700 549 3756 milites,
572 3716 615 3746 nec
635 3700 680 3746 ribi
706 3715 758 3747 curn
775 3699 843 3746 Itelie
856 3699 882 3746 in
898 3699 1170 3763 divisionel'onrpeinc
1205 3716 1246 3765 ge-

141 3777 255 3815 enmmnm
265 3765 390 3827 Imperium
399 3766 500 3826 captanti
508 3766 598 3813 fntnrne
607 3765 682 3825 impe·
705 3772 764 3819 rent,
773 3763 816 3811 lib.
831 3770 852 3810 1.
864 3780 900 3812 re.
912 3768 934 3812 4.

142 3827 251 3875 diruente.
737 3832 797 3876 747.
814 3828 913 3890 ansque
939 3828 1067 3893 premunt]
1103 3828 1245 3889 Orientelu,

174 3896 231 3941 731.
249 3891 291 3939 see
311 3902 386 3942 metra
396 3891 501 3958 fugator,
519 3893 576 3956 &ej
594 3893 681 3949 Caeenr,
705 3895 821 3941 Asiaticae
832 3894 935 3942 diritius.

142 3955 292 4019 Pompeianis
303 3962 397 4021 exsuge
410 3959 470 4006 intre
480 3958 565 4006 vellum
577 3959 680 4020 enmpnl-
738 3960 795 4007 743.
813 3958 914 4021 cenete]
931 3959 1056 4021 congente.
1246 4016 1249 4023 Ι

141 4023 183 4079 eis,
192 4023 281 4070 nullum
293 4025 391 4086 epatium
401 4024 530 4083 perterritis
547 4024 597 4071 deri
611 4039 680 4086 opor·
737 4028 794 4072 744.
812 4022 936 4086 Bernices]
953 4024 1011 4071 Vns.
1029 4022 1161 4071 neceam
1175 4022 1248 4083 mileu

141 4095 192 4135 tere
204 4086 348 4144 existimans,
358 4089 444 4135 milites
453 4090 586 4136 cohortatus
598 4095 643 4145 eet,
654 4097 681 4137 nt
704 4089 762 4154 δια]
781 4090 948 4150 Preenccnpere
963 4096 1039 4136 cestre
1057 4093 1082 4135 et
1097 4092 1250 4139 ueterem·

141 4152 252 4201 beneficio
264 4153 362 4200 fertunae
373 4160 491 4200 uterentur
501 4159 621 4214 castraque
638 4169 679 4215 np-
705 4156 783 4203 hostes
793 4156 818 4201 fu
836 4155 909 4201 'enter
920 4153 945 4199 in
955 4160 1038 4201 cestre.

140 4226 282 4281 pugnarent3
299 4219 395 4281 quietei
411 4233 494 4279 magno
513 4227 572 4264 estu
590 4219 680 4280 tetignti
736 4223 794 4268 745.
813 4170 893 4281 ἢκ]
909 4218 1031 4279 liiijurie.
1225 4254 1248 4281 .-

140 4283 206 4346 (nem
218 4285 249 4331 ed
260 4284 379 4331 meridiem
390 4299 429 4330 ree
444 4290 494 4329 eret
508 4282 635 4349 producte)
647 4290 681 4331 te·
737 4288 794 4337 746.
812 4285 834 4330 Δ
849 4285 912 4333 eictir
932 4284 1054 4347 rapientur
1072 4282 1143 4349 epm]
1161 4278 1245 4333 snite

140 4350 336 4397 madomnen
347 4347 679 4410 leboremenimopereti,im-
705 4365 735 4397 ex
754 4350 801 4396 fide
820 4348 882 4397 Mer.
897 4349 1030 4410 rupturum.
1055 4346 1112 4395 Nisi
1136 4354 1139 4359 '
1166 4398 1169 4405 ,
1223 4348 1232 4361 “

140 4413 206 4475 peric
217 4420 348 4479 pemernnt.
366 4411 468 4478 cm]
483 4412 598 4477 Pompeii.
704 4413 1068 4477 Pompeiummiutnptnt
1150 4408 1249 4463 urna
