2784 4860
142 362 209 432 23⁰
412 362 464 431 Μ.
507 363 712 433 ANNAEI
756 364 981 436 LUCANI

144 533 364 620 Deprimitur,
377 534 568 622 fluctusque
590 538 627 603 in
640 539 789 605 nubibus
803 540 933 625 occipit
946 541 1101 609 imbrem.

145 645 224 711 Lux
239 628 341 712 etiam
355 648 535 712 metuenda
553 650 652 732 perit,
666 670 730 715 nec
745 651 879 734 fulgura
893 658 1030 719 currunt
1065 672 1069 677 ·
1176 654 1241 723 63)

143 755 257 834 Clara,
274 757 336 821 sed
356 758 537 822 obscurum
556 760 733 825 nimbosus
748 763 874 827 dissilit
887 783 955 828 uer.

141 866 239 932 'l'unc
262 868 429 952 Superum
447 890 603 935 convexo
620 877 776 948 tremunt,
792 878 893 956 atque
910 874 1036 941 arduus
1055 876 1135 951 axis
1232 918 1238 925 ·

144 978 311 1056 Insonuit,
326 985 487 1063 motaque
509 982 581 1063 poli
597 1001 762 1066 compage
777 984 944 1065 laborent,

143 1088 309 1154 Extimuit
324 1088 456 1154 Natura
478 1091 602 1155 chaos:
625 1092 758 1175 rupisse
773 1094 929 1159 videntur

143 1197 340 1264 Concordes
356 1201 522 1265 elementa
539 1219 663 1277 moras,
678 1220 860 1286 rursusque
881 1202 992 1270 redire
1176 1206 1240 1274 636

143 1308 227 1374 Nox
241 1329 358 1373 manes
373 1310 514 1373 mistura
533 1309 629 1374 Deis.
652 1330 733 1394 spes
752 1314 969 1391 masclatis,

142 1419 248 1500 Quod
263 1427 358 1485 tanta
373 1421 491 1485 mundi
504 1421 654 1485 nondum
668 1423 797 1504 periere
811 1423 920 1487 ruina.

143 1530 316 1610 Quentrrm
336 1531 511 1594 Leucadio
526 1531 684 1614 placidus
699 1530 742 1595 de
756 1532 882 1596 vertice
906 1538 1033 1616 pontus

143 1641 358 1724 Despicitur;
381 1645 639 1705 tantumnautse
653 1643 768 1706 videre
783 1646 963 1721 trementes
1013 1702 1017 1709 .

139 1751 317 1816 Fluctibus
330 1773 349 1816 e
361 1752 500 1819 summis
515 1772 671 1835 praeceps
682 1771 793 1816 mare:
810 1772 956 1837 cumque
969 1759 1137 1821 tumentes
1169 1755 1236 1821 sto

143 1862 276 1928 Rursus
296 1864 391 1928 hient
404 1863 517 1940 undae,
534 1864 594 1927 vix
608 1863 732 1926 eminet
747 1882 883 1946 aequore
901 1865 1023 1929 mulus.

142 1972 273 2039 Nubila
287 1977 466 2054 tuugrmtur
479 1973 577 2050 velis,
594 1977 628 2036 et
648 1978 737 2036 terra
758 1974 884 2038 carina.

141 2084 235 2150 Nam
249 2083 402 2167 pelagus,
419 2104 488 2167 qua
507 2088 602 2166 parte
618 2083 724 2160 sedet,
739 2103 808 2148 uon
829 2085 918 2148 celat
932 2102 1067 2150 erenum

142 2195 354 2260 Exhaustum
368 2195 403 2257 in
423 2195 588 2270 cumulos,
605 2194 782 2277 omnisque
800 2194 836 2257 in
852 2193 1012 2259 fiuctibus
1026 2197 1118 2263 unde
1132 2206 1197 2264 est.
1230 2242 1234 2247 -

141 2304 235 2369 Artis
255 2325 355 2388 opem
369 2305 481 2368 vicere
496 2309 627 2369 metus:
649 2302 831 2386 nescitque¹
847 2305 1007 2385 magister
1172 2310 1254 2377 645·

141 2413 255 2495 Quam
268 2415 410 2496 frangat,
427 2415 483 2478 eui
500 2415 601 2478 cedat
616 2433 726 2495 aquae.
743 2413 916 2478 discordia
931 2414 1033 2479 Ponti

143 2551 288 2610 629eseipit.
321 2551 479 2599 6300urreut.
514 2551 560 2595 631
573 2550 653 2595 desilit.
688 2550 736 2598 632
749 2547 819 2594 Tune.
853 2550 901 2598 632
912 2556 1015 2607 irenreut,
1018 2549 1237 2614 fremuutmsoens.

193 2613 360 2663 6331ntouuit.
426 2617 475 2662 633
487 2613 577 2660 uberat.
644 2614 692 2660 636
704 2611 763 2659 Diis.
829 2615 877 2659 637
887 2621 983 2659 tuntum.
1031 2618 1036 2632 “·
1049 2617 1190 2666 640usum.

264 2682 456 2740 oesqmcunque.
522 2680 571 2728 643
579 2677 641 2724 celet.
718 2679 767 2724 643
777 2692 863 2724 crenus.
944 2680 1107 2727 644tumulus.

143 2794 249 2841 tenebras
259 2791 313 2852 pius
323 2806 390 2850 quam
408 2797 532 2850 tertuum
548 2805 604 2850 ques
622 2790 676 2835 den·
702 2788 782 2836 salutis
799 2805 852 2852 spes
863 2788 958 2844 Curari,
973 2796 997 2836 et
1008 2791 1112 2853 Amyclas
1123 2799 1236 2855 superest,

141 2857 228 2905 sissimi
245 2855 317 2902 nimbi
332 2855 472 2902 inducebant
487 2855 511 2900 in
522 2869 607 2908 serem,
624 2869 677 2899 cum
702 2869 770 2913 quum
781 2853 841 2913 quod
857 2854 957 2900 nondum
972 2856 1091 2915 perierunt
1103 2858 1185 2905 mundi
1201 2873 1238 2906 sus

142 2922 217 2968 fontes
228 2935 307 2966 omnes
319 2919 396 2980 abyssi
411 2935 500 2979 mugnae
514 2918 577 2980 rupti
591 2925 677 2972 essent,
703 2917 748 2962 luti
757 2918 853 2978 fragore

142 2992 167 3033 et
177 2980 231 3032 coeli
241 2990 359 3030 cuturactse
369 2991 454 3044 spertrc
464 2983 548 3038 forent,
559 2983 583 3029 in
594 2982 677 3042 quibus
735 2983 791 3030 638.
809 2982 925 3035 Quantum
937 2980 1057 3040 Leucadio,
1068 2983 1125 3048 &o.]
1138 2986 1237 3033 Edorso

143 3055 265 3112 generetur
275 3048 362 3108 pluvia.
381 3047 517 3094 Hortensius.
702 3045 784 3093 fluctus
794 3046 905 3107 oequuntis
913 3047 1058 3094 altitudinem
1067 3050 1175 3096 terreatur
1183 3066 1237 3112 pro-

176 3117 232 3164 629.
250 3112 272 3158 F
272 3113 385 3172 luctusque
395 3112 420 3158 irs
426 3112 529 3167 recubus,
542 3109 598 3172 &o.]
609 3109 631 3156 F
631 3111 676 3157 lue·
702 3109 809 3156 montorii
817 3111 896 3157 Coeser
903 3118 927 3158 et
936 3112 1053 3173 Amyclas,
1062 3128 1104 3159 osu
1114 3112 1154 3160 ulii
1161 3118 1237 3162 uuum

141 3179 201 3227 tibus
219 3179 325 3240 erigitur,
340 3177 462 3238 cetumque
484 3191 573 3236 epure
588 3175 677 3221 oidetm
702 3173 721 3220 si
731 3174 827 3234 quitum
838 3174 862 3220 in
871 3174 930 3221 muri
941 3183 1014 3231 eruut,
1025 3177 1095 3222 modo
1103 3177 1238 3239 despiciunt

62 3256 68 3263 ·
142 3243 237 3299 Pontus,
253 3249 274 3288 et
284 3242 390 3289 induetur
401 3241 515 3304 aspergine
524 3249 617 3303 tangere
632 3252 676 3286 uu-
702 3237 858 3285 declivitatem
868 3239 944 3285 undoe.
954 3239 985 3286 Et
993 3256 1053 3287 nurse
1062 3240 1161 3288 ultumis
1169 3242 1238 3291 ueluti

144 3309 185 3357 bes.
701 3302 902 3350 deverticemoutis
910 3302 1237 3364 Deipeereuvauemmus·

176 3374 232 3420 630.
250 3371 386 3426 Lucetium,
398 3368 454 3432 &o.]
466 3369 569 3431 Fulgura
576 3367 676 3416 nubibus
702 3381 743 3429 que
754 3367 881 3413 Aciwroutu
891 3369 987 3414 sidetem
1000 3367 1067 3416 Nune
1075 3370 1114 3416 ubi
1124 3370 1238 3419 densim

143 3442 167 3485 et
177 3437 256 3497 pluvia
266 3436 438 3498 extinguuntur.
701 3445 795 3477 cturoum
811 3432 955 3479 circunsstetit
969 3448 1049 3495 equor,
1067 3433 1185 3497 Suspicere
1201 3436 1237 3485 s„-

175 3504 231 3548 631.
249 3499 391 3563 Obscurum]
409 3501 522 3545 obscure.
692 3493 881 3559 functurumum
892 3497 919 3544 de
932 3499 1025 3561 gurgite
1043 3498 1130 3547 culum.
1150 3504 1173 3550 9.
1184 3502 1236 3549 Μο.

175 3568 230 3615 636.
250 3559 660 3626 conuea.]coe1um.sxts.]1’01us.
701 3566 755 3606 tum
879 3600 882 3605 .

175 3633 231 3679 663.
250 3629 355 3690 Metaque
363 3628 409 3689 poti
424 3643 534 3690 conpage,
555 3624 611 3688 &o.]
628 3625 676 3672 Vix
734 3626 789 3671 643.
808 3623 868 3671 Num
887 3623 989 3687 pelagus,
1014 3623 1070 3691 &o.]
1098 3627 1150 3680 Quo
1172 3626 1236 3675 uude

142 3695 258 3742 sustinent
268 3695 350 3739 molem
362 3692 450 3738 mundi.
701 3687 802 3746 dehiscit,
809 3688 906 3735 d'errum
922 3687 1072 3799 lucescens
1082 3690 1236 3756 aperit,firett

175 3762 231 3808 634.
250 3752 549 3817 EstimuitNuturaebuos.]
561 3753 676 3800 Mundum
701 3760 765 3800 estus
776 3754 855 3799 arenis.
868 3757 891 3799 1.
907 3753 976 3799 AEnei
994 3788 1000 3800 .

142 3823 221 3871 revelli
235 3822 321 3869 sedibus
339 3829 409 3868 totum
425 3822 478 3877 suis,
494 3817 592 3880 Ipsosque
611 3825 676 3878 erepto
734 3820 794 3866 644.Ι
807 3816 946 3864 Esbuunum
964 3818 989 3863 in
1007 3816 1124 3881 cumulos]
1141 3818 1235 3881 (longs-

141 3888 241 3935 crederes
259 3887 311 3932 coeto
324 3887 373 3933 deos
384 3885 501 3938 Desidere,
515 3891 536 3930 et
552 3891 627 3929 utrum
641 3897 675 3928 re·
700 3882 758 3928 ritur
767 3898 829 3929 mure
839 3881 863 3928 in
873 3882 955 3928 duetus
966 3881 1040 3928 instur
1047 3882 1160 3929 montium
1169 3898 1235 3933 ereo·

142 3953 182 3999 bus
192 3952 270 3998 induci
282 3950 359 3997 Chaos.
376 3951 431 3996 Seu.
440 3950 497 4010 Age.
509 3950 564 3996 479.
584 3953 607 3993 et
623 3962 675 3993 nos·
700 3951 747 3992 tos.

141 4024 177 4064 ter
186 4016 227 4063 lib.
240 4021 260 4060 1.
271 4031 305 4062 vs.
318 4021 356 4063 74.
733 4011 788 4059 645.
805 4009 936 4070 Artiscpem
946 4009 1115 4073 cirenensium]
1132 4009 1185 4073 Ipse
1190 4026 1234 4075 μ.

175 4082 230 4132 635.
249 4079 371 4127 Concordes
387 4078 492 4124 elementa
507 4074 598 4136 morus]
616 4073 675 4122 Ceu·
700 4083 744 4132 vet,
754 4088 830 4129 nesse,
840 4075 889 4135 quis
897 4075 925 4120 sit
934 4081 1013 4132 uatus,
1021 4072 1164 4139 ipsefutetur
1173 4074 1236 4131 Scin

143 4160 181 4194 sss
192 4145 276 4207 quibus
293 4147 420 4205 conjunctae
437 4148 499 4193 sunt,
515 4147 675 4201 morunturque
699 4141 756 4186 rotis
772 4147 854 4185 rector:
879 4154 918 4185 nec
936 4139 990 4200 quid
1008 4139 1124 4201 jubeutoe,
1146 4136 1233 4191 uelites}

140 4209 168 4257 iu
185 4208 316 4257 concordie.
344 4207 426 4267 Sulpit.
446 4205 575 4267 Rursusque
595 4205 674 4261 redire,
701 4203 774 4251 Tanto
789 4202 843 4249 muli
855 4203 928 4261 moles,
942 4210 1044 4265 tantoque
1059 4204 1172 4263 potentior
1187 4212 1236 4257 urta

141 4274 199 4340 &o.]
217 4273 345 4322 Dissolutis
361 4273 524 4319 elementorum
539 4269 674 4325 foederibus,
699 4276 737 4314 est.

142 4341 204 4390 ooelo
214 4339 294 4386 interis
303 4338 405 4384 confuso.
732 4337 787 4383 646.
806 4329 928 4394 Frangat]
944 4330 1084 4392 Nerigundo
1094 4339 1167 4379 met.
1179 4330 1234 4385 Du·

144 4408 149 4419 “
176 4406 232 4456 636.
248 4392 517 4467 δραιιηαεαῑιιΐίσ.]Νθο
528 4398 614 4448 certior
624 4412 672 4447 sure
699 4397 775 4444 cordio
784 4395 861 4454 Ponti,
877 4395 933 4462 &o.]
945 4395 1040 4459 Quippe
1047 4395 1158 4445 fluetibus
1165 4397 1235 4468 altorf
