2774 4860
437 347 681 414 Lucam
724 347 834 414 ulu
871 346 937 415 lv„

135 521 337 604 Sanguinis:
360 539 539 602 equoroos
552 521 652 602 enge
661 539 746 603 rm
758 519 868 584 ὼε
879 519 1024 601 uuam

138 633 368 714 Migrunlique
382 631 505 694 auimae
519 631 627 693 futuru
639 651 710 694 uon
724 629 849 695 sufficit
860 649 977 697 uuum.

140 741 342 804 Demersum
355 741 514 802 mensu-is
522 739 631 820 jacet,
645 739 743 818 eheu,
753 741 873 824 prada
885 742 1026 810 mu&

138 851 268 915 Nobile
281 850 457 933 Scipiadae
470 870 615 933 coupus3
628 870 693 914 uec
707 851 940 932 colligetuma

139 961 521 1040 Flebilisboscineres;
541 960 1000 1043 uectautouominediguus

137 1071 314 1154 Exequius
327 1072 390 1134 tibi
405 1070 519 1133 Roma
531 1071 646 1147 dubit3
666 1070 824 1150 passisve
838 1069 976 1152 capillis

138 1181 346 1265 Scipiadem,
360 1187 548 1244 extremum
561 1181 705 1263 generis,
719 1180 849 1261 lugebit
858 1181 1065 1266 ademptn

180 1291 328 1373 Agmina
349 1292 392 1354 de
411 1291 544 1372 campis
558 1291 688 1372 passim
702 1290 866 1372 fugientia
878 1300 1021 1358 cunctas

138 1400 343 1484 Implesseut
355 1402 489 1482 magnis
504 1400 623 1482 Libyae
636 1402 819 1466 tenoribus
833 1421 924 1468 oras

138 1511 315 1574 Praesidiis
329 1517 400 1574 tum
414 1511 500 1574 sorte
512 1509 650 1574 Uticam
664 1510 752 1576 Cato
765 1513 891 1578 nobilis
906 1514 1022 1579 urbem

137 1621 302 1687 Ausoniis
316 1624 444 1703 tenuit3
465 1623 525 1705 qui
539 1629 621 1687 nota
635 1623 733 1687 clade
747 1622 895 1690 &nauis

136 1734 378 1818 Scipiedreque
388 1736 482 1817 fuga,
496 1735 660 1821 victorem
673 1754 789 1801 eruere
810 1738 965 1820 mahat,

139 1848 369 1930 Hortatusque
384 1867 467 1911 suos
482 1848 596 1912 alacer
610 1847 790 1914 defendere
804 1868 931 1915 muros

138 1961 207 2025 Sed
221 1961 362 2039 frustra3
383 1960 450 2024 heu
463 1960 603 2022 nimium
616 1959 820 2042 trepidantia
833 1965 975 2043 pectora
984 1963 1101 2035 senuit,

138 2071 182 2135 Et
195 2072 322 2135 victum
336 2071 429 2134 sama
442 2090 511 2134 non
525 2071 592 2134 visi
606 2068 754 2134 Caesaris
769 2089 901 2153 agmen.

137 2183 226 2245 Tum
237 2181 324 2245 Cato
339 2182 502 2244 militibus
513 2181 608 2245 vultu
623 2181 819 2246 immutatus
832 2180 953 2246 eodem

139 2292 274 2373 Ignovit
288 2291 434 2374 pavidis
449 2291 536 2354 ultro
551 2289 757 2372 fugientibus
771 2291 847 2376 ipse

138 2401 333 2484 Prospexit,
349 2402 479 2465 classes
494 2406 594 2483 portu
608 2402 779 2489 contraxit
789 2403 833 2467 ab
844 2405 936 2469 omni

138 2511 276 2587 Vicino,
291 2530 470 2592 remosque
485 2510 579 2572 dedit
592 2512 852 2593 properantibus
863 2520 974 2598 aptos.

138 2623 423 2704 Cunctorumque,
444 2640 541 2685 suam
555 2621 710 2703 quamvis
725 2621 916 2706 projecerat
926 2622 1011 2707 ipae,

138 2732 220 2796 Non
234 2733 433 2814 dedignatur
445 2732 577 2795 Ductor
588 2751 705 2795 curare
720 2731 874 2799 salutem.

138 2841 275 2907 Solutus
292 2844 386 2906 cives
397 2841 522 2918 Uticae,
546 2847 579 2906 et
591 2841 794 2926 trepidantia
803 2843 916 2909 verbio

138 2954 285 3018 Pectora
299 2953 501 3017 confirmans
516 2952 673 3036 placidie,
696 2972 799 3036 quam
814 2959 907 3020 certa
920 2959 1067 3040 supersit

138 3066 226 3149 Spes
241 3067 309 3129 illis
324 3065 445 3140 veniae,
458 3064 558 3128 victis
574 3062 753 3129 clementia
767 3072 895 3149 quantu

138 3176 298 3251 CaesariS,
314 3176 462 3239 edocuit.
481 3175 559 3238 talis
575 3174 670 3257 cupit
684 3174 758 3258 ipse
773 3172 881 3240 videri

138 3284 290 3361 Civibus,
305 3284 413 3367 utqui
427 3303 495 3347 non
511 3283 671 3348 donatam
686 3306 707 3349 a
722 3283 860 3351 Caeeare
874 3286 979 3354 vitam

138 3396 328 3478 Spemeret.
344 3394 439 3456 illurn
454 3393 567 3470 etiam,
591 3394 647 3458 cui
661 3413 730 3459 non
745 3396 927 3463 durissime
937 3400 1042 3465 virtue

136 3504 290 3568 Affectus
306 3504 416 3567 celare
429 3522 510 3566 suos
525 3504 722 3586 permiserat
732 3525 893 3589 unquam,

138 3613 250 3693 Quem
264 3615 377 3677 nullus
392 3613 549 3676 simulare
564 3614 664 3678 timor
674 3614 859 3695 docuisset,
882 3625 999 3703 aperto

135 3723 204 3789 Vel
219 3724 416 3787 deflexisset
429 3722 527 3804 rigidi
543 3723 584 3787 de
600 3726 730 3791 tremite
745 3728 828 3808 veri,

136 3834 290 3900 Tandem
304 3835 422 3897 mortis
437 3855 531 3898 amor
547 3836 638 3918 cogit
659 3838 818 3906 simulare
834 3838 1009 3909 Catonem.

181 3946 350 4009 Orbarant
363 3944 516 4009 homines
526 3944 599 4028 jam
614 3947 690 4012 luce
713 3948 848 4018 silentia
868 3950 992 4020 Noctis

137 4057 246 4142 Inque
262 4058 370 4121 vicem
387 4057 488 4120 fessis
503 4056 668 4123 donarant
687 4078 792 4143 regna
805 4060 972 4145 quietem

135 4168 223 4234 Cum
237 4174 351 4252 gratos
367 4167 491 4244 cuncti,
517 4188 605 4251 quos
620 4188 702 4234 cura
716 4168 880 4257 dolorque
895 4172 1061 4251 sinebant,

133 4278 332 4363 Carpebant
345 4299 504 4346 somnos:
527 4279 588 4347 aed
603 4300 672 4347 non
682 4278 864 4366 uniquus
878 4277 1042 4353 cauum
1176 4316 1180 4353 τ

1120 410 1124 415 ,
1170 344 1238 412 m
