2784 4860
146 356 213 424 438
406 352 460 418 Μ.
505 348 709 419 ANNAEI
752 350 973 421 Lucam

146 524 335 611 Cyniphias
350 523 437 589 inter
449 530 565 608 postes
580 524 643 589 tibi
657 526 775 609 palme
787 525 935 592 nocendi
950 532 1025 593 est:

149 636 308 722 Eripiunt
323 654 442 700 omnes
457 636 617 711 animam,
632 641 671 700 tu
685 637 762 702 sola
776 638 934 703 cadaver.
1032 638 1039 647 '

148 748 241 816 Ecce
255 747 349 812 subit
360 746 471 812 facies
485 746 555 811 leto
575 747 712 812 diversa
722 747 849 813 fluenti.

147 858 332 926 Nasidium
351 856 461 923 Marsi
477 857 641 923 cultorem
656 858 802 923 torridus
817 857 891 940 agri

147 970 324 1036 Percussit
338 969 484 1035 Prester.
506 970 557 1034 illi
571 971 674 1035 rubor
688 971 808 1053 igneus
822 988 885 1034 ora
915 996 919 1007 ·

147 1079 343 1157 Succendit,
359 1081 534 1165 tenditque
550 1086 674 1157 cutem,
688 1084 851 1165 pereunte
864 1078 984 1161 figur,

147 1190 302 1256 Miscens
317 1195 442 1256 cuncta
455 1195 567 1256 tumor
580 1195 654 1256 toto
665 1191 740 1276 jem
754 1208 897 1274 corpore
911 1188 1042 1273 major:

147 1301 413 1386 Humanumque
428 1322 566 1385 egresse
580 1303 719 1368 modum
734 1301 969 1386 superomnia
980 1299 1162 1365 membre‘

144 1413 286 1481 Efflatur
301 1415 427 1490 sanies,
442 1413 511 1479 late
525 1414 664 1479 tollente
678 1432 823 1490 veneno,
1194 1412 1282 1479 795Ι

147 1524 229 1609 lpse
244 1526 327 1591 latet
340 1525 476 1609 penitus
492 1531 655 1607 congesto
671 1514 815 1606 corpore¹
828 1540 981 1586 mersus:
1257 1516 1262 1525 '

146 1634 224 1700 Nec
239 1636 347 1701 lorica
360 1641 453 1701 tenet
474 1635 613 1700 distenti
626 1634 782 1717 corporis
797 1637 947 1697 auctum.

146 1742 317 1829 Spumeus
333 1763 483 1809 accenso
497 1762 568 1809 nou
583 1744 635 1809 sic
651 1742 804 1808 exundet
817 1741 929 1808 abeno
945 1792 948 1797 -

147 1852 324 1919 Undarum
339 1853 496 1919 cumulus
506 1868 601 1969 :queo
617 1858 731 1919 tantos
745 1856 891 1920 carbaso
905 1852 997 1921 Coro

147 1962 339 2030 Curvavere
354 1965 462 2030 sinus.
478 1964 628 2030 tumidos
638 1965 712 2049 jam
726 1984 797 2030 nou
811 1966 1014 2051 capitartus
1192 1968 1259 2035 800

147 2074 306 2139 Informis
322 2075 456 2158 globus,
471 2081 506 2141 et
518 2076 664 2141 confuso
680 2076 831 2161 pondere
845 2084 996 2144 muscus
1028 2100 1033 2111 ·
1188 2058 1193 2066 ¹
1249 2086 1254 2095 '

147 2184 317 2255 Intactum
331 2186 509 2253 volucrum
524 2188 653 2266 rostris,
670 2189 860 2273 'epulasque
876 2189 1032 2254 daturum

148 2296 253 2362 Haud
275 2299 413 2382 impune
427 2299 521 2375 feris,
535 2318 604 2364 uon
619 2300 695 2365 ausi
708 2301 841 2365 tradere
854 2301 969 2378 busto,

147 2406 309 2503 Nondum
324 2415 433 2475 stante
448 2410 564 2487 modo,
581 2430 738 2476 crescens
752 2410 868 2494 fugere
883 2410 1042 2476 cadaver.

146 2517 216 2584 Sed
229 2521 362 2607 majora
375 2527 497 2603 parant
510 2521 651 2604 Iibycae
667 2522 867 2606 spectacula
885 2528 1013 2606 pestes.
1036 2548 1039 2553 ·
1189 2524 1258 2589 805

147 2628 325 2715 Impressit
341 2631 460 2695 dentes
476 2631 711 2697 Haemorrhois
727 2608 850 2717 aspera
862 2632 966 2697 Tullo
1210 2650 1214 2657 ·

147 2738 368 2823 Magnanimo
378 2741 510 2824 juveni,
524 2741 742 2826 miratorique
758 2740 911 2806 Catonis.

147 2849 262 2934 thue
277 2853 365 2917 solet
379 2854 505 2936 pariter
519 2853 600 2918 totis
617 2871 654 2916 se
669 2851 839 2921 effundere
854 2853 961 2937 signis

145 3012 195 3059 789
204 3011 279 3057 mitit.
409 3013 458 3060 790
470 3011 553 3059 Murci.
683 3013 732 3063 790
741 3010 848 3074 perfidus.
969 3014 1018 3062 795
1027 3010 1137 3074 bellete,
1146 3020 1255 3063 tom.

210 3077 260 3123 796
268 3090 359 3123 morare.
457 3077 506 3126 797
515 3085 598 3124 aetum
696 3077 848 3124 isseretio.
944 3080 994 3128 799
1004 3084 1189 3137 tntum.

301 3145 360 3190 ,800
369 3140 489 3189 Gorovere.
573 3144 622 3188 800
630 3143 736 3203 acejum,
750 3144 857 3202 asnjam.
939 3140 1088 3207 80οΜῢᾴ
1250 3140 1254 3147 “

177 3270 234 3317 787.
253 3267 381 3331 Cyniphias,
395 3268 452 3331 dre]
470 3269 570 3329 Libycas
590 3283 684 3330 serpen·
742 3270 797 3317 809.
816 3265 932 3315 intactum
949 3267 1065 3316 wrm
1083 3266 1187 3335 Μὴ]
1202 3271 1254 3323 He·

146 3341 189 3385 tes.
201 3348 215 3378 e
225 3332 332 3394 Cinyphe
343 3334 429 3382 Αἰγίου
440 3333 545 3394 Propriae
556 3333 635 3380 durio.
710 3348 754 3392 que
765 3331 828 3380 enim
843 3333 1001 3381 sustinuerunt
1013 3346 1067 3380 eur
1082 3338 1189 3397 teum,
1205 3350 1254 3401 qu

179 3399 235 3448 789.
253 3396 347 3445 Diverso
360 3398 468 3463 fluenti]
496 3397 622 3445 Contraria.
645 3397 685 3445 illa
709 3398 778 3444 busto
787 3404 812 3443 et
823 3397 946 3458 sepulchro
955 3396 1074 3444 inferrent.

146 3462 208 3507 onim
220 3464 395 3523 absumptorum
412 3465 461 3510 baec
471 3463 597 3510 tumefecit.
742 3463 799 3508 803.
815 3461 888 3509 Haud
897 3462 987 3523 impune
996 3459 1079 3527 fuis]
1094 3460 1188 3539 Epeion
1199 3464 1254 3513 esti.

179 3529 236 3574 791.
253 3524 294 3574 lui
303 3529 378 3583 rubor,
387 3528 444 3592 δια]
453 3529 549 3575 Prestcr
556 3543 624 3588 quem
631 3542 684 3587 per-
709 3532 841 3581 venenatae,
852 3526 942 3574 otieris
952 3540 1043 3587 quoque
1055 3534 1081 3575 et
1091 3526 1191 3577 uirtu-
1200 3528 1254 3579 exi-

147 3591 255 3646 eueserit,
265 3591 415 3651 distenditur,
423 3592 556 3653 enormique
564 3591 685 3652 corpuleu-
708 3590 781 3637 uam
791 3592 887 3638 inimus.
1036 3636 1039 3643 ,

147 3654 180 3701 tiu
190 3664 286 3703 necetur
295 3660 443 3704 extuberans.
460 3658 553 3704 Solinus
563 3672 614 3718 cup.
626 3660 668 3704 40.
741 3657 798 3702 804.
816 3653 923 3702 Nondum
930 3662 1002 3703 nanu
1015 3652 1098 3719 m]
1108 3654 1256 3723 lte-pn

180 3721 237 3769 798.
255 3719 472 3786 Permittefignro]
484 3724 518 3770 Ut
526 3721 627 3769 infletum
635 3723 685 3782 ianr
708 3725 806 3766 mortem
814 3719 969 3768 intumeseens
979 3719 1085 3769 adam.

144 3799 192 3830 non
203 3799 329 3844 cognoscas
342 3789 439 3833 eundem
455 3802 515 3842 esse,
532 3787 590 3833 latet
598 3787 684 3848 quippe
741 3785 797 3833 805.
816 3783 908 3847 Para]
925 3786 1056 3846 Serpenm
1201 3810 1209 3821 .

147 3864 237 3895 merens
245 3850 381 3910 conglobato
392 3866 496 3913 corpore.
506 3857 532 3898 ut
543 3867 592 3912 seq.
742 3851 798 3900 806.
816 3847 1008 3910 irrorantiam
1013 3846 1185 3917 Hm]
1192 3850 1254 3901 Hu-

179 3915 237 3960 796.
254 3912 303 3973 Ipse
318 3914 391 3978 lutet]
407 3917 463 3976 lpse
480 3915 599 3963 Nasidius.
616 3914 684 3963 Hort.
708 3914 823 3961 morrbois
836 3930 915 3962 morsu
925 3913 1060 3974 mngumen
1072 3912 1148 3973 dieii,
1163 3924 1190 3965 et
1199 3916 1260 3977 dies

179 3980 236 4026 797.
255 3978 343 4040 Tenet]
357 3980 684 4044 Ooeroet.Aouam.]1nere-
709 3977 792 4025 solutis
802 3979 1070 4036 renerumcommereiie,
1111 3978 1119 3991 “
1250 3986 1255 3995 ’

146 4050 247 4090 mentum
258 4044 376 4091 tumefacti
389 4045 502 4105 eorporis.
520 4045 637 4105 Sulpitiao.
708 4058 752 4089 mae
762 4051 807 4100 eet,
818 4050 901 4091 evocet
916 4058 960 4106 per
975 4058 1089 4093 mucram.
1195 4062 1251 4111 eq.

180 4110 236 4157 798.
254 4107 684 4173 Spumeoceemo,&e.]Noneioiu·
708 4111 749 4155 40.
759 4113 784 4155 et
793 4108 891 4156 Nioeud.
903 4108 929 4155 in
938 4108 1008 4156 mn.
1197 4130 1201 4135 ·

147 4174 255 4221 tumescit
264 4172 363 4219 bulliens
380 4189 454 4234 aque3
469 4174 633 4221 non'velorum
652 4173 684 4222 si·
742 4176 798 4221 807.
815 4172 966 4235 Memmique
984 4170 1095 4237 stude]
1121 4172 1252 4235 hliuni,

146 4253 190 4284 nus
201 4246 272 4286 vento
283 4237 378 4298 turgidi.
707 4237 746 4285 vel
754 4236 868 4293 studioso.

179 4304 235 4351 801.
254 4301 377 4366 Tarum]
404 4302 458 4351 Non
476 4300 541 4352 enim
560 4305 684 4368 apparebat
742 4305 798 4353 008.
813 4301 891 4369 ¹thue
899 4302 960 4359 solet,
978 4299 1036 4365 dae]
1051 4303 1093 4353 δίο
1109 4318 1156 4367 per
1171 4310 1251 4355 tatu

145 4376 221 4429 eaput.
706 4370 759 4429 ejus
769 4382 854 4431 eornm
861 4366 1251 4437 emraduxiauartetnqe·
