2784 4860
144 338 216 410 an
416 336 471 407 ru.
512 302 718 453 annmr
759 338 987 415 nocam
1055 360 1063 383 ι

147 512 268 582 Cladis
283 532 326 579 eo
342 509 510 592 dedimus,
525 517 678 580 natanto
693 515 730 581 iu
743 519 897 601 tempore
908 516 1038 585 bellum

145 625 170 694 J
172 647 228 693 am
242 631 364 712 posset
376 624 479 690 civile
493 627 585 708 geri:
608 626 790 692 Pharsalia
802 629 890 693 tenti

146 736 265 804 Causa
278 737 372 802 mali.
389 736 512 802 cedant
526 736 647 803 feralia
660 739 799 803 nomina
813 738 956 818 Canae,

145 848 192 915 Et
206 849 368 914 damnata
382 847 441 912 diu
457 847 625 912 Romanis
639 845 735 912 Allia
748 849 860 913 fastis.

144 959 320 1045 Tempora
333 960 481 1042 signavit
493 960 660 1024 leviorum
675 958 790 1024 Roma
805 960 993 1025 malorum:
1184 962 1259 1033 410

145 1072 253 1139 Hunc
268 1072 377 1139 voluit
390 1071 523 1136 nescire
539 1071 640 1135 diem.
656 1072 743 1154 prob
756 1072 867 1136 tristia
880 1071 971 1137 fatal

143 1185 238 1252 Aera
252 1183 451 1270 pestiferum
464 1187 586 1260 bacar,
601 1182 808 1266 morbosque
822 1183 977 1261 fluentes,

144 1297 376 1379 Insanamque
391 1295 527 1370 famem,
543 1293 797 1377 permissasque
813 1294 950 1377 ignibus
964 1296 1091 1379 urbes·r

145 1407 347 1490 Moeniaque
362 1406 399 1470 in
412 1424 569 1489 praeceps
584 1405 714 1470 lauros
728 1405 831 1487 plena
843 1410 1008 1472 tremores

145 1518 197 1584 Hi
211 1523 354 1602 possent
368 1518 507 1601 explere
522 1515 607 1580 viri:
630 1534 718 1599 quos
732 1515 883 1598 undique
897 1517 1003 1583 traxit
1184 1518 1257 1595 415

144 1629 188 1695 In
202 1631 361 1695 miseram
377 1628 529 1692 Fortuna
542 1646 674 1703 necem,
690 1626 771 1690 dum
785 1646 926 1692 munera
939 1629 1033 1712 longi

143 1739 308 1832 Explioat
322 1740 470 1824 eripiens
485 1739 563 1816 aevi,
578 1736 809 1822 populosque,
824 1737 1013 1823 ducesque,

142 1849 329 1916 Constinrit
343 1851 496 1935 campis:
519 1870 580 1933 per
595 1868 682 1933 quos
697 1849 761 1913 tibi
776 1848 891 1914 Roma
904 1850 1016 1915 ruenti

143 1960 311 2028 Ostendat
326 1983 429 2047 quam
442 1981 566 2043 magna
581 1961 698 2025 cadas.
715 1980 784 2044 quo
799 1961 902 2025 latius
917 1961 1035 2027 orbern

143 2070 317 2150 Possedit,
333 2073 434 2138 citius
448 2093 510 2156 per
524 2090 690 2155 prospera
704 2070 777 2135 fata
791 2073 950 2137 cucurrit.
1182 2076 1256 2155 411)

144 2181 254 2248 Omne
269 2185 332 2248 tibi
346 2184 473 2248 bellum
489 2186 605 2264 gentes
621 2181 714 2246 dedit
729 2182 888 2248 omnibus
903 2183 1020 2249 annis:

141 2369 551 2430 maumoampaanainwrpore.
584 2367 710 2429 imposui.
743 2371 793 2416 414
802 2370 897 2417 timores.
930 2370 1100 2420 4190eenatt.
1131 2376 1253 2441 419280.

174 2523 232 2570 406.
250 2520 286 2568 Ne
303 2523 405 2570 tantuin
422 2531 517 2584 tempore
532 2521 632 2585 bellam]
660 2522 682 2568 Α
707 2519 752 2569 viri
769 2522 864 2582 explere
879 2521 1012 2583 potuissent
1029 2528 1144 2572 bonores
1159 2525 1255 2577 letum

142 2602 221 2651 pugna
248 2587 390 2644 Pbarsalioa‚
423 2589 452 2634 sd
479 2595 581 2634 nostram
608 2602 682 2647 usque
707 2587 1047 2649 maenanrbinminpraeoeps.

141 2659 304 2714 tempestatem
315 2651 421 2714 quamvis
431 2651 576 2700 triumvirale
586 2651 682 2706 bellum,
738 2652 795 2700 415.
821 2651 882 2708 Quos
897 2653 998 2714 nudipes
1014 2651 1106 2716 trost]
1132 2655 1203 2714 Ques
1221 2659 1253 2705 ab

140 2732 276 2832 ffiqpm
293 2718 411 2766 bominum
428 2717 502 2765 millia
520 2715 681 2777 absumpserit.
707 2716 771 2826 qmni
786 2717 928 2829 eripiqottqrsrn
938 2718 1041 2829 ptarrltstip
1050 2720 1192 2831 minuo
1202 2723 1254 2771 d..

203 2797 248 2830 em,
724 2796 760 2827 em
771 2797 814 2828 con
926 2798 953 2828 ro
984 2798 1008 2829 vr
1038 2800 1052 2830 o
1158 2797 1165 2807 “

173 2843 682 2912 4⁰7.Ptamiarantt]ssain1³hmalieis
739 2848 797 2893 416.
815 2846 878 2893 Dum
898 2797 993 2894 silonem
1012 2847 1081 2911 longi,
1100 2848 1159 2912 dra]
1184 2852 1251 2901 Dus

80 2968 84 2974 Ι
141 2911 230 2973 earnpis
241 2913 320 2959 clades
331 2913 425 2960 sustulit
441 2927 531 2959 ornnem
548 2911 635 2959 exinde
648 2910 683 2957 ei·
707 2912 826 2972 unaquasi
841 2911 936 2974 synopsi
953 2912 1078 2973 explicitas
1092 2914 1251 2965 lortmnn-

140 2976 197 3023 vilis
209 2977 267 3023 belli
279 2984 389 3038 segetem,
400 2984 447 3024 tarn
457 2991 530 3038 parvo
541 2976 628 3023 oinium
640 2990 683 3022 uu·
708 2991 748 3022 sus
763 2976 850 3037 eripuit
865 2983 901 3023 tot
911 2978 1037 3025 multorum
1053 2980 1253 3031 meruerint·-

140 3055 207 3088 mero
219 3043 351 3103 superstite.
706 3040 754 3087 rias
766 3048 790 3087 et
801 3042 937 3102 triumphos.

174 3109 231 3154 408.
258 3107 345 3154 Cedunt
358 3105 451 3170 faedio
469 3107 559 3153 nemim
578 3103 682 3168 Coum]
740 3108 797 3152 41⁷.
815 3104 918 3166 Replieot
926 3104 1096 3171 eripim‚&o.]
1115 3110 1181 3158 Duas
1196 3110 1252 3174 ipsa

141 3170 210 3219 Cladi
220 3172 275 3220 huie
282 3171 424 3220 Phar-saliere
432 3171 517 3219 cedant
526 3173 618 3219 omne.
628 3170 682 3235 (lib.
707 3171 797 3217 tortum
802 3171 903 3232 explieat,
912 3171 938 3218 id
951 3179 996 3228 est,
1007 3173 1163 3234 detegitsese,
1173 3177 1252 3238 qualis

143 3242 167 3288 2.
181 3253 243 3285 vers.
253 3236 308 3301 46.)
452 3237 455 3242 '
708 3243 770 3282 esset
781 3234 845 3299 (nam
853 3237 918 3297 prius
929 3236 980 3284 risa
994 3243 1031 3284 est
1045 3239 1193 3306 favorabilis)
1203 3242 1253 3291 ui-

174 3306 232 3352 409.
250 3302 412 3352 Damnatuds'u
418 3299 682 3366 Rmnonisdlliufestis]
707 3300 775 3361 piens
788 3301 838 3347 soil.
850 3302 942 3357 Romae,
957 3317 1052 3349 murm
1066 3303 1131 3366 longi
1147 3306 1205 3364 nvi,
1221 3306 1251 3357 bl

141 3366 227 3417 xvlr.
244 3369 299 3416 Kal.
317 3368 429 3423 Sextiles,
448 3366 561 3414 Alliensis
573 3367 597 3413 ln
610 3367 683 3413 fastos
707 3373 750 3424 est,
766 3365 878 3428 quiequid
894 3381 937 3427 per
954 3373 990 3414 tot
1006 3367 1092 3415 sreoala
1107 3370 1249 3431 wutulnt,

140 3431 285 3497 (dequibus
301 3432 376 3482 lias.
394 3448 455 3480 vers.
467 3430 505 3494 5.)
520 3432 607 3480 relatus
624 3432 683 3478 inter
707 3446 753 3477 una
763 3432 819 3478 bora
828 3432 940 3478 auferens.
951 3433 1017 3493 qnasi
1027 3434 1098 3491 diest,
1108 3434 1250 3499 booprolio

140 3505 204 3545 atros
214 3499 274 3556 dies,
285 3500 348 3560 qnod
362 3514 391 3545 eo
411 3498 450 3545 die
467 3497 566 3544 Tribuni
582 3496 682 3544 militurn
707 3497 809 3543 Fortuna
816 3503 851 3543 tot
867 3497 1003 3544 sennam
1018 3513 1121 3556 murm,
1137 3500 1251 3551 vietoe‘fl

139 3561 245 3624 legiones
256 3565 285 3610 ad
296 3564 381 3611 Alliam
392 3564 448 3610 fluv·
458 3562 593 3618 ednoentes,
603 3561 682 3610 aGal·
707 3568 731 3608 et
741 3561 870 3621 triumphos
877 3563 982 3609 Romano
991 3561 1091 3625 imperio
1098 3578 1193 3615 rursm
1200 3566 1250 3617 “1-

140 3627 239 3676 lisvicti
251 3630 433 3676 suntetUrbem
441 3626 568 3674 amiserint.
706 3626 765 3686 pnit.
782 3625 875 3673 Badius.
900 3627 1008 3675 aaran.
1023 3628 1069 3675 Vel
1084 3628 1183 3691 “pietas
1197 3646 1249 3681 η,

174 3696 232 3742 410.
250 3691 355 3754 Tempora
370 3691 542 3756 ngrmoit,&e.]
568 3691 632 3739 Fasti
647 3691 682 3738 lo·
706 3705 772 3747 aera,
793 3692 820 3738 id
838 3699 884 3755 est,
899 3693 1038 3740 subtrabens
1052 3708 1104 3750 eos,
1122 3694 1166 3755 qui
1185 3694 1248 3747 inm

157 3766 243 3805 uantur
253 3758 353 3805 leviores
363 3758 415 3805 illas
426 3758 504 3805 eludes
515 3756 642 3804 Alliensem
658 3764 683 3804 et
706 3757 790 3806 multos
810 3772 881 3803 annos
901 3757 950 3804 nati
971 3765 1033 3804 sunt.
1059 3756 1186 3827 Ειγὶίωε]
1218 3762 1249 3813 Ιι

140 3773 293 3879 boensem,
304 3829 381 3871 tacent
395 3824 455 3870 bano
466 3822 621 3869 Pharsalicam
631 3837 682 3884 gra·
705 3837 784 3883 pugna
793 3823 906 3870 extendit
924 3821 1043 3883 Sulpitins.

138 3904 194 3940 vem
205 3896 229 3936 et
239 3888 329 3936 tristem
339 3895 473 3936 memoratu.
738 3890 794 3936 419.
813 3886 888 3942 Quam
897 3903 979 3950 mugeto
989 3884 1080 3950 cada]
1104 3887 1169 3937 Hine
1183 3890 1250 3941 aar·

174 3957 234 4002 412.
250 3954 448 4019 Aeropestfferam
459 3952 554 4016 tractu]
572 3951 682 4000 Saffeois-
706 3952 783 3999 Roma
799 3953 878 4000 ridere
893 3959 994 4013 poterat,
1009 3967 1067 4013 quas
1079 3952 1143 4002 vires
1153 3955 1249 4005 habais·

141 4019 232 4069 sentlri
247 4019 326 4081 quiin
342 4018 425 4079 proelio
440 4017 575 4065 Pharsalico
591 4017 683 4065 eeeide·
706 4023 749 4074 set,
771 4025 797 4064 et
812 4032 879 4078 qnam
893 4032 988 4078 magnas
1003 4017 1124 4065 muleeat.
1141 4019 1249 4071 Hm

113 4110 118 4114 ·
140 4093 198 4135 runt
207 4084 343 4148 reparandis
358 4083 448 4130 damnis
457 4082 550 4130 humaui
566 4081 657 4143 generis
668 4100 681 4130 e
708 4082 758 4136 Quo
768 4083 836 4130 latim
845 4082 926 4140 orbam
937 4081 994 4146 dra]
1011 4082 1120 4131 Breviori
1130 4086 1249 4148 gyrab-

139 4158 209 4214 peste
226 4157 251 4197 et
265 4148 352 4196 morbis
366 4148 515 4210 contagiosis,
532 4163 545 4193 e
562 4147 632 4204 lame,
648 4147 682 4194 in·
705 4163 744 4194 ma
755 4163 768 4194 e
779 4163 867 4195 summa
874 4163 950 4195 rurum
961 4147 1055 4204 eeoidit,
1064 4164 1133 4210 qum
1142 4166 1191 4212 quo
1200 4158 1250 4203 tn

140 4215 241 4274 uendiis,
256 4222 325 4261 terra
341 4213 451 4261 motibus.
468 4211 596 4273 Morboeque
603 4211 682 4274 fluen-
706 4213 807 4274 amplum
817 4221 884 4260 nacte
893 4212 1105 4274 fueratimperiun.

139 4280 192 4343 tea]
214 4279 376 4343 Gonhgiosos,
391 4278 433 4341 qui
448 4279 519 4326 urbes
535 4276 682 4325 exhauriunt.
737 4281 794 4327 421.
813 4277 883 4325 Omne
892 4276 933 4325 tibi
942 4277 1127 4342 bellonutus]
1143 4279 1249 4345 Singul’n

140 4345 247 4398 dioneae.
706 4342 774 4390 annis
792 4341 882 4406 singola
901 4341 963 4391 bella
980 4343 1027 4392 tibi
1039 4344 1177 4409 «ἀίουσα
1188 4346 1250 4399 db

173 4413 232 4473 414.
248 4409 384 4475 Inpraeeps
392 4405 552 4473 lamba]
567 4406 681 4466 lde-tlt
705 4407 926 4472 postulissgeates.
