2784 4860
143 348 211 415 alo
444 344 949 415 SUPPLEMENTUM

4 550 8 563 ·
143 523 220 588 lllic
235 541 307 605 prae
323 519 463 603 reliquis
477 519 611 584 luscam
625 519 850 587 exhilarantia
863 526 1001 589 noctem
1055 556 1059 563 ·

142 630 311 697 Formosa
325 630 453 714 specie,
468 630 645 713 roseisque
659 631 812 696 volantia
824 633 949 715 pennis

144 743 337 825 Sanguinea
351 745 527 825 apparent,
542 742 727 825 templique
741 743 778 806 in
791 743 942 824 margine
954 742 1096 813 ludunt.
1210 808 1216 817 .

144 854 212 919 His
228 871 363 936 quoque
380 851 581 944 deveneris
596 870 732 935 campo,
748 852 957 935 placidoque
970 853 1085 921 virete

144 963 241 1027 Mille
256 961 439 1046 pharetrati
453 961 584 1037 fratres
601 981 683 1043 gens
698 961 812 1025 mollis
827 960 993 1028 Amorum

143 1074 333 1139 Occurrunt
346 1077 463 1150 noctu,
478 1076 512 1135 et
526 1072 653 1154 templo
670 1072 843 1136 consortia
851 1072 1011 1156 jungunt.

143 1184 221 1249 lllic
236 1183 416 1247 flammatis
432 1183 507 1259 alis,
523 1183 579 1246 vel
593 1181 736 1263 fulguris
751 1182 859 1246 instar
1150 1256 1153 1263 Ι

144 1295 375 1361 Nocturnaeve
390 1293 491 1369 sacis,
505 1312 566 1374 per
581 1311 713 1356 summa
728 1293 908 1357 cacumina
920 1294 1042 1379 templi
1118 1374 1125 1389 Ἀ

144 1406 284 1471 Somnia
298 1403 341 1467 de
355 1402 447 1467 flava
460 1403 637 1467 nascentia
651 1403 731 1478 bile,
746 1403 865 1467 volatu
1214 1468 1219 1489 ‚

143 1515 238 1580 Irato
251 1513 440 1596 strepitant,
454 1518 616 1596 tanquam
630 1512 764 1577 hostem
778 1533 931 1596 quaerere
943 1532 1082 1599 semper
1202 1566 1207 1571 .

43 1668 47 1672 -
143 1623 332 1700 Audacem,
346 1628 380 1687 et
395 1642 508 1688 saevas
522 1626 662 1687 assueta
675 1624 845 1690 lacessere
860 1644 1015 1709 pugnas3

144 1734 360 1816 Excelsoque
375 1737 497 1819 parant
511 1733 637 1796 coelum
652 1752 812 1817 superare
826 1735 955 1801 volatu.

142 1847 191 1912 At
204 1851 322 1911 contra
336 1845 453 1909 timide
467 1844 649 1908 tenebrosa
662 1865 724 1927 per
738 1846 824 1911 atria
838 1846 958 1931 templi

143 1957 232 2038 Quae
246 1957 343 2039 nigra
351 1955 400 2019 -de
413 1954 483 2027 bile
497 1954 615 2030 fluunt,
632 1954 814 2022 demissius
827 1957 934 2036 ibant,

143 2069 399 2151 Nocturnaeque
415 2071 452 2130 nt
466 2085 549 2130 aves
564 2066 705 2131 strident
718 2065 882 2132 feralibus
896 2068 975 2144 alis,

143 2181 235 2246 Inter
249 2180 351 2242 busta
364 2178 492 2254 volant,¹
507 2182 541 2240 et
555 2176 658 2240 foedis
673 2177 749 2241 sola
763 2177 958 2260 sepulchris

143 2291 293 2357 Invitant
307 2288 444 2371 Stygios
457 2290 582 2350 moesta
601 2287 646 2350 ad
660 2288 834 2351 consortia
848 2287 985 2366 Manes,

43 2482 46 2489 Ι
143 2402 220 2467 Illic
235 2421 296 2484 per
310 2402 439 2482 postes,
455 2397 637 2480 albataque
651 2397 779 2470 moenia
793 2399 912 2482 templi

142 2512 273 2596 Ignavo
288 2511 437 2585 incessu,
452 2507 560 2572 tardae
574 2507 753 2572 testudinis
769 2509 886 2586 instar,

143 2623 293 2699 Somnia,
308 2640 387 2704 quae
402 2618 525 2702 pituita
541 2622 643 2694 creat,
658 2619 865 2702 trepidantia
879 2624 1041 2703 serpena
1126 2692 1130 2697 ,
1182 2678 1197 2717 ·=.

32 2761 37 2773 ·
143 2734 198 2800 Ne
214 2735 244 2798 si
259 2733 344 2796 forte
360 2730 495 2807 cadant,
509 2729 650 2812 liquidis
664 2735 855 2812 mergantur
868 2731 904 2795 in
918 2731 1037 2812 undis3

142 2846 235 2911 Nam
249 2863 382 2927 semper
398 2861 486 2907 vana
499 2841 660 2905 falluntur
673 2842 820 2924 imagine
834 2842 995 2928 lymphae.
1082 2906 1085 2911 .

143 2958 232 3022 Haec
247 2957 333 3019 inter
345 2954 489 3018 volitant
502 2953 670 3017 imitantia
682 2954 774 3018 mille
787 2954 904 3037 figuris

142 3064 318 3150 Quicquid
332 3068 436 3146 agunt
449 3063 603 3127 homines
618 3065 768 3146 passim3
790 3066 1000 3150 totidemque
1012 3064 1172 3135 feruntur

142 3178 236 3260 Quot
249 3176 377 3261 patitur
391 3193 535 3257 magnus
549 3174 685 3239 diversa
698 3176 837 3258 negotia
851 3176 1015 3256 Mundus,

140 3291 211 3355 Aut
226 3287 362 3371 objecta
376 3290 478 3351 tenet.
494 3284 619 3349 cedunt
631 3285 707 3350 haec
722 3288 856 3353 somnia
870 3293 998 3353 cuncta

141 3399 289 3475 Divinis
304 3397 457 3480 quaedat
471 3397 618 3475 Numen,
634 3397 802 3482 longeque
814 3404 945 3465 remota

140 3511 222 3578 Non
237 3508 356 3573 ardent
369 3508 488 3591 templi
502 3527 625 3573 sacros
635 3509 758 3572 intrare
771 3530 940 3576 recessus.

185 3621 298 3686 Nocte
312 3620 382 3683 fere
396 3618 510 3683 media
524 3618 704 3683 Ptolemaei
718 3624 859 3703 pectora
873 3640 1014 3689 somnus

22 3738 25 3743 ’
139 3733 280 3797 Vicerat
294 3735 443 3812 optatus
459 3748 538 3793 curn
547 3728 621 3813 jam
636 3727 754 3793 divina
768 3730 908 3815 Serapis

140 3842 291 3918 Somnia,
304 3840 501 3915 mutandum
515 3840 657 3924 AEgypti
670 3842 843 3905 narrantia
855 3860 1015 3924 regnum„

140 3955 295 4020 Miserat,
307 3952 445 4016 incessu
458 3951 555 4017 tardo
571 3952 712 4017 delubra
725 3953 865 4036 petebat

138 4067 211 4131 Bos
225 4065 320 4146 nigor
333 4062 460 4144 ingenti
476 4062 614 4146 specie;
635 4063 846 4147 geminisque
860 4064 1011 4133 micabat

138 4176 234 4241 Pelle
249 4173 429 4256 insignitus
444 4174 571 4255 stellis3
594 4195 738 4259 quarum
751 4176 859 4241 altera
871 4181 977 4262 tergo,

138 4288 255 4375 Altera
269 4285 377 4349 fronte
392 4283 457 4348 luit
470 4284 594 4353 media.
608 4286 751 4368 lugubre
761 4285 895 4353 videtu
936 4312 939 4319 ·
