2784 4860
139 345 206 412 172
399 343 451 409 Μ.
487 342 693 413 ANNAEI
736 342 959 411 annrtl

139 516 225 582 Vita
238 517 351 581 brevis
372 519 456 582 nulli
471 524 639 602 superest,
661 518 720 600 qui
733 522 868 600 tempus
890 518 927 581 in
948 516 1010 581 ills

141 625 345 706 Quaerendae
360 628 427 692 sibi
446 628 564 692 mortis
583 628 705 692 habet:
728 647 791 691 nec
807 628 916 709 gloria
934 628 994 690 leti

139 736 295 814 Inferior,
309 737 466 820 juvenes,
482 738 619 801 admoto
635 757 810 801 occurrere
831 737 922 801 fato.¹
1175 734 1242 801 48⁰

142 844 310 911 Omnibus
330 849 458 912 incerto
472 853 622 912 venturae
640 853 791 931 tempore
805 847 886 911 vitae

143 956 213 1021 Par
235 959 338 1020 animi
359 960 436 1022 laus
457 964 520 1035 est,
539 964 573 1023 et
587 977 674 1040 quos
697 957 888 1040 speraveris
903 976 1010 1021 annos

86 1116 89 1121 .
142 1065 302 1144 Perdere,
326 1074 360 1132 et
380 1073 540 1132 extremae
562 1072 769 1133 momentum
791 1068 990 1150 abrumpere
1004 1067 1104 1143 lucis,
1128 1094 1131 1099 ·

71 1170 97 1263 '³
142 1174 313 1241 Accersas
329 1179 410 1242 dum
430 1179 502 1242 fata
520 1198 633 1243 manu.
654 1198 724 1241 non
746 1178 877 1258 cogitur
898 1178 989 1241 ullus

143 1285 243 1351 Velle
258 1289 355 1352 mori.
371 1289 453 1370 fuga
473 1290 567 1352 nulla
581 1293 694 1371 patet:
718 1294 808 1352 stant
829 1289 978 1370 undique
999 1281 1125 1353 nostris
1170 1287 1244 1353 -485

142 1394 268 1460 Intenti
284 1399 378 1461 cives
388 1397 712 1479 jugulisidecernite
726 1399 842 1474 letum,
864 1462 872 1469 ,

145 1504 190 1570 Et
203 1511 314 1570 metus
328 1506 407 1570 hinc
424 1507 533 1570 absit:
558 1508 678 1590 cupias
693 1509 921 1590 quodcunque
932 1527 1076 1573 necesse
1090 1513 1155 1573 est.

146 1615 229 1681 Non
249 1620 410 1682 tamenin
427 1637 524 1682 caeca
544 1618 710 1681 bellorum
731 1619 821 1682 nube
843 1618 1033 1683 cudendum
1047 1623 1133 1695 est,'
1223 1642 1229 1655 ·

146 1725 194 1790 Ut
208 1747 285 1791 cum
300 1728 471 1811 permistis
488 1728 581 1792 ecies
597 1747 660 1790 sua
681 1729 750 1795 tela
771 1729 919 1795 tenebris

146 1835 339 1901 Involvunt.
356 1842 512 1902 conserta
521 1838 639 1921 jacent
653 1857 731 1901 cum
754 1857 899 1920 corpora
913 1832 1048 1920 campo,
1177 1838 1244 1905 490

147 1945 190 2010 In
203 1948 352 2011 medium
366 1968 457 2012 mors
473 1948 582 2012 omnis
598 1947 680 2011 abit.
696 1947 784 2030 perit
797 1948 919 2019 obruta
931 1948 1049 2015 virtus.

147 2134 195 2183 482
207 2136 348 2193 seperaveris,
360 2135 500 2195 spumaveris.
607 2136 655 2182 488
666 2141 781 2179 momenta.
886 2132 1094 2182 secernentes:
1111 2110 1243 2183 omnisnbit.

193 2198 369 2246 489Autenm.
457 2201 506 2247 489
513 2199 633 2257 permistis.
702 2199 750 2244 489
761 2196 825 2243 betto.
905 2199 954 2246 490
964 2198 1200 2263 commutaconfertu.

148 2355 274 2410 utcunque,
291 2349 332 2405 nel,
351 2349 439 2396 difficili
458 2356 482 2396 et
500 2348 638 2409 periculoso.
657 2355 683 2394 ut
709 2346 758 2408 quit
773 2347 960 2408 JoRntgersius
975 2347 1016 2393 tib.
1035 2349 1057 2396 1.
1069 2363 1119 2408 cap.
1137 2349 1176 2394 12.
1195 2363 1244 2396 var.

149 2414 233 2461 Horat.
245 2413 282 2458 od.
296 2418 334 2459 10.
343 2414 384 2460 lib.
397 2417 420 2460 2.
438 2413 514 2460 Rebus
523 2415 624 2477 angustis
633 2414 684 2460 arri·
707 2410 776 2474 lect.)
792 2411 909 2472 Vultejum
920 2427 948 2459 ea
959 2412 1062 2458 oratione
1072 2426 1118 2472 qna
1128 2412 1177 2459 suis
1184 2413 1245 2459 mori

150 2493 222 2525 moros
233 2479 374 2543 atquejintis
383 2493 472 2538 appare.
709 2476 786 2538 potius
798 2477 909 2522 suadebat
918 2491 985 2537 quam
996 2475 1020 2522 in
1033 2476 1132 2522 bostium
1142 2483 1245 2536 potesta.

183 2544 239 2588 478.
261 2540 312 2588 Vitn
323 2543 402 2598 breuis,
413 2541 470 2603 dre]
488 2543 563 2588 Nemo
577 2547 685 2601 queratur
709 2548 756 2586 tem
767 2539 879 2596 venirent,
890 2547 936 2586 tam
952 2540 1077 2587 honorifico
1095 2540 1187 2587 nomine
1204 2556 1242 2602 ap·

150 2605 197 2652 sibi
208 2606 279 2652 fuisse
293 2607 365 2658 vitam
379 2610 480 2661 brevem,
493 2607 533 2667 qui
548 2605 573 2651 in
592 2605 632 2651 illa
648 2611 685 2651 ut·
710 2604 816 2668 pellasse,
832 2604 872 2664 qui
882 2604 1014 2664 Opitergini
1031 2604 1101 2651 etiam
1112 2613 1193 2656 erant:
1210 2607 1245 2653 le·

151 2685 242 2730 cunque
256 2671 322 2717 brevi
341 2679 431 2730 tempus
446 2671 527 2717 babuit
545 2669 590 2716 sibi
604 2668 685 2715 mortis
711 2669 745 2730 gir
754 2669 832 2728 itaque
843 2666 929 2717 Intenti
941 2668 1019 2720 Cilices
1022 2671 1077 2731 jug.
1094 2675 1198 2737 utsupra
1208 2687 1245 2729 vs,

150 2735 329 2790 consciscendae,
340 2735 473 2795 priusquam
483 2735 604 2782 adimatur.
710 2736 766 2782 449.
1120 2748 1122 2753 ·

184 2803 240 2849 479.
258 2798 306 2844 Nec
316 2799 391 2862 gbrio
408 2799 455 2854 leti,
471 2798 527 2860 δια]
548 2800 631 2859 Neque
645 2797 686 2843 tri-
742 2798 798 2843 487.
818 2796 893 2847 Metus
904 2797 1043 2860 tineaene]
1056 2797 1246 2861 lterectiusqoi-

151 2865 236 2911 bnetnr
247 2864 313 2909 nobis
330 2863 411 2909 minori
425 2863 497 2919 laudi,
516 2870 613 2909 mortem
627 2860 687 2908 rioi-
711 2863 763 2908 dam
781 2861 845 2916 libri,
863 2876 930 2921 qnam
947 2865 1017 2908 omnis
1038 2863 1104 2909 obest.
1123 2862 1246 2911 iterantis

152 2944 204 2974 nam
216 2936 240 2974 et
248 2929 271 2973 in
282 2927 362 2973 limine
374 2928 441 2976 nobis
452 2930 482 2975 ab
492 2929 559 2974 hoste
568 2926 688 2972 imminen·
712 2926 773 2972 enim
781 2933 817 2972 est
825 2926 905 2975 oratio.
924 2925 1024 2973 Grotius.
1036 2925 1110 2983 Quasi
1121 2925 1193 2983 dicat,
1200 2936 1245 2976 sta·

152 2999 208 3048 tem,
217 2998 295 3038 nostra
305 3007 373 3037 manu
388 3006 571 3052 praeoccupasse,
588 3007 655 3050 quam
666 2990 687 3035 si
711 2996 801 3037 tuamus
810 2989 905 3050 aliquid,
916 2992 978 3050 quod
989 2990 1114 3038 necessitas
1125 2990 1197 3052 cogit.

153 3055 285 3104 diuturnior
301 3057 350 3114 ejas
368 3055 437 3101 nobis
448 3072 518 3103 usura
528 3062 590 3101 esset
602 3055 685 3101 futura.
744 3056 800 3103 488.
819 3053 871 3100 Ncn
889 3062 963 3101 tomen
976 3055 1001 3101 in
1012 3070 1079 3110 cccc,
1091 3052 1148 3115 δια]
1164 3056 1248 3118 Neque

153 3137 206 3168 oum
215 3121 275 3173 enim
287 3135 353 3165 nemo
362 3120 508 3179 exploratum
518 3120 601 3165 habeat
610 3135 688 3180 quam*
712 3118 841 3165 carebimus
851 3119 949 3179 pulchro
957 3119 1099 3167 fortitudinis
1108 3127 1192 3167 nostrae
1200 3129 1247 3169 tes·

152 3186 195 3234 din
204 3186 235 3233 sit
245 3186 357 3239 victurus,
366 3200 431 3243 aeqna
437 3183 630 3245 magnanimitatis
638 3183 688 3229 laus
712 3190 744 3240 te,
755 3183 874 3244 conspicui
885 3183 932 3229 diis
948 3190 972 3230 et
981 3185 1121 3239 hominibus,
1137 3185 1208 3232 sociis
1218 3188 1247 3234 ab

154 3259 199 3307 est,
214 3253 286 3299 breve
303 3250 364 3310 qnod
382 3256 488 3309 superest
505 3254 645 3294 momentum
661 3264 688 3294 ac
712 3247 787 3293 insula
798 3248 963 3307 spectantibus,
974 3248 1080 3297 hostibus
1090 3265 1104 3294 a
1120 3249 1249 3298 continenti

153 3315 310 3377 longissimam
321 3329 389 3375 quam
397 3315 504 3375 sperabas
512 3312 584 3360 vitam
594 3310 689 3358 incidis·
712 3318 774 3358 terra
784 3317 807 3357 et
814 3309 883 3360 ‘mart
891 3313 1065 3374 jacebimusqne
1074 3328 1115 3359 nos
1124 3312 1186 3360 inter
1196 3330 1248 3375 nos,

154 3396 187 3438 se,
197 3382 267 3432 modo
277 3379 327 3439 ipse
337 3377 428 3424 sortiter
437 3377 535 3424 incidas.
713 3375 814 3422 victores
832 3391 884 3421 cum
901 3375 986 3435 victis3
1003 3392 1047 3423 non
1068 3377 1133 3423 misti
1154 3379 1249 3427 confusa

186 3447 243 3494 480.
261 3443 353 3489 Admeto
362 3436 481 3488 occurrere
482 3440 557 3505 fota]
573 3443 628 3488 Non
635 3440 689 3487 ideo
715 3447 791 3501 strage
801 3447 909 3500 tanquam
926 3456 988 3489 eaeco
1003 3441 1058 3487 belii
1075 3441 1174 3488 tumultu
1193 3442 1249 3490 cast

154 3507 229 3556 minor
240 3515 318 3554 nostra
328 3509 378 3554 laus
388 3507 440 3561 erit,
448 3508 510 3566 quod
517 3513 614 3552 mortem
620 3504 691 3552 nobis
715 3505 758 3551 sub
768 3504 857 3551 incerto
873 3505 944 3550 credis
954 3512 1055 3562 anctore,
1067 3507 1121 3552 dnm
1136 3506 1211 3567 gioria
1224 3508 1249 3555 iu

153 3572 286 3626 inferemus,
298 3587 348 3633 quae
359 3571 429 3617 vitari
435 3573 484 3631 jam
493 3578 533 3618 ant
543 3571 584 3617 din
593 3569 691 3624 differri,
715 3584 835 3615 commune
847 3575 870 3615 et
881 3584 960 3618 omnes
969 3586 998 3616 ex
1010 3586 1076 3646 aequo
1088 3568 1233 3619 diffunditur.

153 3637 184 3684 ob
205 3636 252 3684 vim
271 3637 371 3682 hostium
391 3651 438 3682 non
456 3642 541 3695 potest.
575 3633 692 3693 Quamdiu
747 3636 805 3681 489.
825 3632 1182 3696 Utcnm.]ltarestrtuimuspro
1192 3636 1249 3684 Ast.

155 3699 218 3748 enim
226 3700 330 3747 victurus
341 3700 380 3756 sit,
390 3715 457 3746 nemo
469 3699 521 3746 scit.
540 3698 640 3746 Grotius.
716 3697 818 3744 Grotius.
835 3697 929 3759 Alioqui
940 3701 1083 3760 egregiorum
1098 3704 1122 3745 et
1136 3700 1250 3749 clarorum

188 3767 245 3813 484.
262 3764 369 3813 Accersas
383 3763 517 3827 densata]
535 3763 608 3821 Quasi
619 3763 690 3819 dicat,
715 3760 814 3807 militum
824 3761 899 3808 virtus
912 3763 1011 3823 ingloria
1025 3771 1062 3810 est
1079 3771 1103 3810 et
1117 3762 1168 3811 sine
1181 3764 1250 3813 lande

156 3845 202 3877 non
217 3831 265 3890 jam
283 3830 307 3875 in
324 3829 441 3876 voluntate
461 3829 529 3874 sitnm
546 3835 589 3883 est,
607 3826 690 3874 sedin
716 3825 829 3882 obruitur,
840 3827 930 3887 quando
937 3826 961 3872 in
970 3827 1073 3874 tenebris
1081 3826 1179 3875 telorum
1189 3831 1251 3879 nube

157 3894 304 3950 necessitate,
314 3900 341 3941 nt
351 3894 484 3941 moriamur.
508 3892 614 3940 Hortens.
638 3889 690 3937 Non
716 3896 862 3949 stemnntur3
878 3898 902 3937 et
912 3892 1038 3952 ignoretur,
1052 3892 1103 3952 quis
1113 3891 1252 3945 inuitandi·

153 3961 246 4024 cogitur
259 3958 329 4016 ullus,
342 3956 399 4020 δια]
416 3958 479 4004 Mori
494 3958 613 4019 cogimur:
630 3955 691 4002 velle
716 3954 822 4001 micando
838 3955 957 4002 ceciderit.
978 3955 1037 4001 'l'um
1053 3956 1113 4002 enim
1129 3956 1252 4017 ignarissi-

157 4024 226 4079 mori,
236 4039 282 4070 uon
293 4023 333 4080 ita,
350 4039 423 4083 neque
434 4022 496 4067 enim
507 4023 598 4082 cogitur
608 4021 690 4068 volan-
716 4033 777 4065 mom
786 4035 898 4080 quemque
909 4036 951 4080 par
962 4019 1036 4081 gloria
1046 4021 1174 4068 comitetur.
1199 4018 1252 4069 Vtr-

156 4097 201 4138 ns.
217 4090 304 4136 Verum
321 4088 383 4148 quod
399 4092 467 4146 urget
482 4086 617 4142 necessitas,
634 4084 690 4131 reli·
716 4091 786 4130 tutem
799 4084 909 4143 praeclara
924 4085 1024 4131 facinora
1033 4084 1098 4139 dicit,
1114 4098 1166 4145 quas
1179 4086 1253 4135 sentes

157 4169 223 4213 mns;
245 4159 268 4200 et
290 4152 315 4198 in
336 4151 445 4198 virtutem
467 4150 535 4196 cedet
557 4149 690 4198 necessitas.
716 4154 741 4193 et
759 4148 898 4209 magnanimi
916 4149 1002 4196 milites
1019 4149 1044 4195 in
1063 4148 1157 4196 stataria
1174 4166 1253 4213 pngnq

158 4217 278 4281 Quicquid
294 4232 388 4270 necesse
399 4221 435 4262 est
445 4213 538 4276 sapiens
543 4215 602 4262 vult.
717 4213 795 4259 edunt.
813 4213 918 4260 Hostem.

189 4288 246 4334 486.
265 4282 326 4330 Cives
332 4278 447 4345 jugulis]
464 4278 562 4326 Romani
571 4296 579 4339 ;
595 4279 635 4340 qni
650 4294 691 4325 no-
749 4281 807 4331 490.
825 4277 952 4339 Centena]
964 4278 1133 4333 Geniusainter
1140 4292 1253 4337 ooesoram

157 4351 194 4398 bis
212 4365 259 4397 non
269 4354 371 4410 parcent.
390 4347 446 4399 Non
456 4343 581 4403 verisimile
597 4351 634 4393 est
644 4343 691 4410 (in-
718 4341 839 4391 cadavera.
851 4341 957 4399 Hortene.
