2784 4860
138 334 204 401 306
333 378 336 383 .
417 326 471 393 M.
508 326 714 395 ANNAEI
757 327 982 403 Lucum
1037 346 1042 353 ·

78 590 93 599 -
139 506 296 589 Agmina,
318 516 395 587 quae
414 502 560 567 Cilicum
581 504 679 567 terris
700 505 849 571 deducta
868 507 1009 573 tenebat

140 619 271 701 Scipio,
293 617 392 679 miles
408 616 442 678 in
454 614 531 691 hoc,
548 615 679 699 Libyco
695 616 768 681 dux
782 618 912 701 primus
927 618 964 681 in
982 616 1077 683 orbe.

141 729 189 794 At
205 730 308 814 juxta
327 727 461 803 fluvios,
482 731 517 789 et
530 732 651 808 stagna
665 727 825 792 undantis
842 727 977 813 Enipei,

141 840 389 925 Cappadocum
403 842 565 901 montana
580 837 714 915 cohors,
734 844 769 902 et
787 839 902 922 largus
920 839 1087 905 habenis·

143 953 309 1017 l'onticus
325 950 397 1013 ibat
411 968 528 1032 eques.
552 949 638 1013 sicci
657 949 719 1012 sed
734 950 881 1032 plurima
903 950 1019 1035 campi

142 1063 348 1140 Tetrarchae,
363 1081 528 1144 regesque
541 1065 665 1137 tenent,
681 1062 863 1143 magnique
878 1062 1022 1144 tyranni,

143 1174 256 1258 Atque
271 1175 382 1239 omnis
398 1171 497 1236 Latio
518 1192 596 1255 quae
614 1173 717 1236 servit
737 1192 889 1256 purpura
907 1173 1008 1238 ferro.

143 1285 242 1363 Illuc,
265 1290 299 1349 et
318 1284 425 1367 Libye
448 1282 629 1360 Numidas
646 1288 680 1347 et
702 1282 804 1348 Creta
819 1282 990 1367 Cydonas-

82 1456 88 1473 ,
144 1396 260 1460 Misit:
284 1395 407 1458 Itaneis
430 1414 549 1458 cursus
570 1394 635 1458 fuit
654 1394 733 1458 inde
755 1395 909 1477 sagittis:

144 1508 229 1571 Inde
244 1512 357 1570 truces
373 1505 466 1569 Galli
487 1505 625 1569 solitum
639 1506 802 1587 prodistis
824 1509 860 1571 in
874 1508 1027 1573 hostem:

146 1616 223 1681 Illic
239 1636 413 1701 pugnaces
429 1615 613 1679 commovit
627 1616 742 1679 Iberia
757 1622 878 1682 cetras.

145 1727 247 1811 Eripe
258 1728 381 1792 victori
396 1732 524 1809 gentes,
535 1733 570 1791 et
585 1727 748 1808 sanguine
763 1728 881 1791 mundi

147 1836 253 1915 Fuso,
270 1838 395 1920 Magne
414 1839 530 1914 semel,
545 1842 637 1903 totos
653 1856 816 1902 consume
829 1838 1031 1924 triumphos.

190 1948 257 2012 Illo
275 1949 360 2013 forte
383 1949 437 2013 die
453 1948 571 2012 Caesar
584 1949 728 2015 statione
743 1952 873 2031 relicta,

145 2059 202 2123 Ad
217 2066 369 2142 segetum
383 2066 501 2144 raptus
516 2066 667 2125 moturus
685 2062 793 2143 signa,
805 2068 944 2146 repente

147 2170 326 2253 Conspicit
342 2172 378 2234 in
395 2172 518 2254 planos
532 2172 664 2235 hostem
680 2172 885 2237 descendere
898 2186 1053 2256 campos,

144 2280 371 2364 Oblatumque
385 2283 483 2361 videt,
491 2283 582 2347 votis
598 2283 665 2347 sibi
680 2282 772 2377 mille
787 2283 930 2365 petitum

228 2430 276 2476 223
293 2427 377 2491 Lupe.
509 2432 557 2479 226
573 2439 594 2476 et
604 2430 635 2489 pl.
766 2432 814 2476 228
832 2445 908 2492 reguo.
1039 2432 1088 2481 229
1104 2429 1166 2480 Ittr'e

429 2496 484 2567 232Ι
494 2492 565 2551 lllac,
576 2493 651 2541 lilius.
815 2496 864 2541 232
881 2494 962 2542 Celtae.

149 2646 202 2679 eunt
213 2635 236 2680 8.
255 2618 394 2694 legionibus,
411 2648 467 2693 qaas
482 2649 559 2680 secum
574 2632 685 2679 habuerat
743 2634 799 2678 228.
817 2632 873 2685 Qus
883 2633 950 2679 serait
963 2648 1067 2694 puerpura
1076 2632 1167 2745 fauo}
1183 2634 1253 2683 81:21·¹

149 2695 257 2756 insyria
276 2699 315 2744 cui
334 2698 434 2758 prefuit.
451 2697 577 2745 advocatus
598 2698 653 2744 inde
672 2712 686 2744 a
710 2697 789 2742 mutim
805 2712 884 2745 omnes
903 2698 1024 2759 purpurati
1045 2698 1134 2760 Reges,
1163 2706 1254 2763 pam

150 2762 264 2821 Pompeio
275 2778 317 2823 per
327 2763 414 2811 literas.
447 2762 685 2821 AdjunctaGilicensi
712 2776 738 2808 sc
749 2761 867 2821 principes
876 2763 975 2822 subjecti
984 2763 1082 2823 imperio
1093 2764 1162 2810 Rom.
1183 2764 1252 2813 Hert.

148 2826 248 2887 legione,
265 2834 289 2874 et
308 2828 440 2874 cohortibus
452 2842 508 2888 quas
523 2843 554 2873 ex
569 2827 687 2888 Hispania
746 2830 802 2875 229.
821 2825 888 2874 Creta
900 2827 1021 2893 Ogdoada]
1038 2826 1178 2888 sigittnios
1187 2830 1255 2879 misit

149 2891 285 2938 traduxerat
296 2892 412 2938 Afranius.
712 2891 782 2937 Creta
791 2891 835 2938 ins.
846 2894 912 2953 cajus
924 2892 1006 2954 Cydon
1015 2894 1078 2939 urbs.

181 2957 239 3002 223.
257 2954 324 3002 Miles
333 2959 358 3003 ia
370 2957 417 3013 hoe,
435 2953 491 3020 &c.]
509 2955 557 3002 Hic
574 2956 687 3003 militabat
746 2959 802 3005 230.
819 2953 997 3004 lturaeuearsus
1005 2956 1061 3022 Μ
1075 2958 1131 3004 iude
1139 2954 1252 3023 sagittis]

152 3020 195 3066 snb
211 3020 333 3079 Pompeio,
352 3023 394 3067 sed
412 3036 479 3080 aequo
498 3021 645 3068 classicorum
664 3028 688 3068 et
712 3020 793 3066 lturaei
803 3035 858 3080 pop.
871 3022 929 3069 coel.
939 3022 1020 3082 Syriae.
1037 3022 1099 3069 Pliu.
1108 3022 1152 3068 lib.
1163 3024 1189 3071 9.
1199 3036 1253 3099 οφ.

150 3084 256 3148 praetoris
267 3086 363 3139 honore,
379 3100 462 3147 pugna·
479 3100 535 3131 mox
547 3086 687 3133 Pharsalica.
715 3086 753 3132 23.
772 3087 847 3133 Strab.
868 3087 908 3134 lib.
923 3090 961 3135 16.
982 3086 1047 3134 Flav.
1065 3086 1147 3148 Vopis.
1166 3088 1255 3149 V'ugrl:

150 3149 260 3211 reliquias
277 3150 302 3196 in
320 3150 424 3197 Africam
439 3149 551 3207 traduxit,
568 3156 637 3211 atque
654 3150 688 3197 ibi
714 3148 799 3212 Georg.
812 3152 835 3196 2.
852 3148 936 3216 ityreos
957 3154 1004 3199 tati
1020 3158 1152 3213 torquentia
1170 3152 1197 3201 iss
1214 3168 1254 3199 as·

152 3216 202 3262 dux
212 3220 302 3262 creatus
313 3222 350 3262 est
357 3222 436 3261 contra
445 3214 566 3262 Caesarem.
714 3228 760 3261 cas.

185 3282 240 3328 224.
258 3279 290 3326 At
303 3281 373 3341 juxta
382 3279 476 3343 flavios,
491 3278 549 3344 dte]
567 3280 648 3326 Robur
665 3283 689 3326 et
747 3280 803 3328 231.
821 3276 905 3342 Galli]
921 3279 1060 3341 Allobroges
1072 3279 1112 3341 qui
1123 3278 1210 3329 scos.
1222 3280 1253 3329 sd

152 3344 235 3391 fiducia
244 3344 300 3391 belli
312 3344 335 3390 in
352 3344 418 3391 Italis
429 3350 485 3393 erat.
519 3345 689 3391 Sooiommco-
715 3345 796 3405 Pomp.
814 3347 965 3407 profugerant
984 3345 1026 3393 lib.
1047 3346 1071 3391 6.
1088 3359 1126 3393 vs.
1145 3346 1205 3395 268.
1230 3350 1255 3395 d

152 3410 197 3469 piae
214 3409 267 3456 hinc
286 3410 340 3456 inde
355 3410 384 3456 ad
395 3407 570 3457 ostentationem
585 3408 690 3471 prolatae.
715 3408 753 3454 alii
768 3408 837 3456 torte.
870 3409 965 3456 Solitum
980 3409 1084 3470 prodistis
1104 3410 1130 3455 irs
1150 3408 1256 3473 heum]

153 3474 268 3520 Dextram
279 3490 351 3521 cornu
362 3472 489 3520 muniverat
499 3474 627 3534 Pompeius
634 3474 690 3520 Eoi·
715 3473 838 3530 Csesarem,
847 3475 1033 3535 eoumquemiu
1042 3472 1121 3522 (isllis
1128 3472 1187 3521 olim
1194 3480 1256 3539 pag-¹

152 3553 197 3598 peo
218 3554 292 3595 amne,
309 3539 347 3585 oui
368 3538 518 3601 Cappadocas
537 3546 561 3584 et
578 3538 690 3586 Ponticos
715 3538 813 3585 nubatis
895 3572 898 3577 .
1250 3548 1254 3575 ;

152 3602 242 3664 equites
253 3602 367 3663 adjecisse
377 3603 479 3650 videtur.
608 3617 611 3621 ·
748 3604 804 3648 232.
822 3600 917 3667 itera]
931 3602 1054 3667 Hispanis.
1067 3599 1172 3666 Ceam}
1183 3604 1255 3655 Suu

187 3666 241 3715 225.
261 3666 423 3727 Cappadocum,
440 3664 497 3729 &c.]
526 3665 631 3724 Quorum
652 3680 689 3713 re·
714 3664 890 3713 bresialuu'sta
1213 3676 1216 3683 '

153 3746 206 3794 gem
217 3730 289 3778 fuisse
298 3732 449 3787 Ariarathem,
456 3731 525 3795 paulo
533 3739 586 3778 ante
595 3732 690 3779 demon·
749 3732 804 3779 233.
822 3729 891 3791 Eripe
898 3732 977 3778 vistai
983 3730 1078 3795 gsatsa]
1094 3730 1199 3781 Collum
1209 3730 1257 3781 lusu

154 3796 285 3843 suasimus.
318 3798 374 3856 lpsa
384 3797 448 3857 regio
461 3805 565 3844 montosa
573 3804 618 3853 est,
628 3796 690 3842 unde
715 3811 795 3843 omnes
812 3796 914 3857 undique
930 3802 1012 3857 gentes
1026 3797 1104 3858 objice
1124 3796 1222 3853 cassi,
1238 3814 1255 3845 o

153 3862 332 3923 opinorpoetanr
340 3862 504 3921 Cappadocum
513 3861 622 3909 achatem
629 3876 690 3907 awa-
716 3860 823 3921 Pompei,
839 3860 994 3909 internecione
1015 3861 1142 3920 delendss;
1157 3862 1193 3911 its
1208 3872 1256 3911 uas

154 3934 231 3973 tanam
241 3925 372 3987 appellare;
388 3927 437 3974 sive
453 3926 520 3983 adeo,
536 3927 599 3989 qaod
615 3932 691 3973 castra
716 3924 871 3986 erautquibus
878 3924 984 3986 imperet,
993 3926 1023 3973 de
1030 3926 1257 3989 quibustriunsph'ut.¹

154 4006 196 4038 sua
209 3992 234 4038 iu
253 3990 358 4046 collibus,
376 3992 437 4038 unde
454 3991 633 4046 descendebant,
650 3992 690 4038 ha·
749 3992 803 4041 235.
822 3988 933 4054 llloforte
943 3991 979 4037 die
989 3990 1071 4048 Cam,
1087 3989 1147 4057 ita]
1168 3990 1258 4049 Gens,

152 4056 252 4103 buerint.
271 4054 374 4102 Hortaris.
392 4052 482 4120 Largus
492 4056 600 4121 maria]
617 4055 690 4104 Luxis
716 4056 837 4117 desperate
856 4054 911 4103 belli
921 4056 990 4116 eopia
1009 4070 1038 4103 ea
1055 4061 1181 4105 nocutm
1196 4056 1262 4121 legl‘=

154 4136 210 4168 usas
222 4120 287 4168 loris.
716 4136 773 4169 ones
780 4120 888 4168 emiserat
894 4120 1063 4168 immensam.
1069 4118 1110 4167 uhi
1115 4120 1258 4171 retussis!

189 4188 244 4234 227.
264 4185 397 4248 Teurnia]
419 4187 541 4241 Tetraeha,
565 4185 604 4248 qui
624 4202 691 4247 quar·
715 4184 822 4247 Pompeii
833 4185 1023 4247 longiusssallo
1032 4186 1256 4246 progresumvide-

153 4259 201 4298 tam
212 4251 375 4315 reguipartem
383 4258 455 4299 tenet.
474 4250 690 4314 aegerrume]
715 4258 760 4308 ret,
776 4250 1051 4313 suesconvocsrijussit,
1066 4255 1090 4299 et
1108 4250 1180 4301 tetus
1195 4260 1258 4317 pag-¹

155 4318 241 4364 Omnes
260 4316 380 4379 purpurati
402 4317 507 4383 dynastae
527 4323 552 4365 et
572 4315 691 4382 principes
717 4323 881 4379 usmappsrat

152 4382 284 4431 combures.
424 4408 431 4417 ·
755 4398 758 4405 ¹
799 4398 802 4405 ·
857 4400 861 4407 ·
