2784 4860
323 340 559 416 crvrnrs
605 336 795 414 unnnr
840 316 960 407 arn
998 338 1070 404 rx.
1183 342 1250 408 aaa
1369 425 1373 433 „

138 519 297 601 Corcyrae
314 521 446 592 secreta
458 515 555 598 petit,
584 533 624 578 ac
640 513 732 579 mille
755 515 880 579 carinis

137 631 291 696 Abstulit
306 627 472 699 Emathiae
489 625 938 706 secumfragmentaruinoe.

182 741 271 820 Quis
287 743 416 805 ratibus
426 740 535 813 >tantis
550 737 714 818 fugientia
729 737 880 803 aredmet
898 738 947 800 ire
1004 788 1009 795 .

139 852 311 934 Agminal
336 853 413 934 quis
429 849 697 934 pelagusrictas
711 853 864 916 metasse
880 849 1039 925 carinas?
1205 850 1251 914 35

140 967 272 1032 Dorida
287 972 367 1029 tunc
385 964 535 1038 Malean,
552 966 586 1028 et
601 964 753 1042 apertam
768 942 939 1036 Taenaron
953 960 1093 1037 umbrie,
1247 958 1252 972 '

141 1078 226 1142 Inde
243 1076 389 1158 Cythera
401 1076 506 1157 petit:
529 1074 710 1154 Boreaque
724 1076 862 1151 urgente
877 1072 1011 1138 carinas

143 1187 243 1252 Creta
258 1187 363 1268 fugit:
388 1185 525 1249 Dictaea
537 1183 630 1264 legit,
648 1181 847 1248 cedentibus
858 1181 974 1258 undis,

143 1301 282 1364 Littera.
298 1305 378 1363 tunc
395 1315 517 1362 ausum
531 1295 637 1359 classi
645 1293 990 1376 praecludereportus

143 1410 294 1493 Impulit,
311 1428 352 1471 ac
368 1425 480 1470 saevas
496 1405 651 1469 meritum
666 1402 846 1485 Phycunta
859 1404 999 1487 rapinas

143 1521 294 1604 Sparsit:
318 1524 352 1582 et
364 1517 442 1580 hino
458 1515 606 1599 placidis
621 1515 691 1579 alto
707 1513 874 1578 delabitur
885 1517 976 1580 auris
1046 1567 1047 1571 ,

144 1633 185 1696 In
199 1633 293 1695 littus
307 1629 467 1693 Palinure
480 1633 596 1697 tuum:
618 1624 848 1711 (nequeenim
859 1646 998 1710 aequore
1011 1635 1142 1697 tauhun
1209 1666 1213 1675 ,

144 1742 299 1807 Ausonio
314 1741 521 1808 monimenta
535 1745 649 1816 tenes3
672 1742 857 1820 portusque
873 1739 1008 1820 quietos

144 1855 302 1918 Testatur
317 1854 425 1935 Libye
439 1851 588 1933 Phrygio
604 1849 779 1932 placuisse
793 1849 984 1936 magistro.)
1023 1845 1027 1852 ’
1045 1860 1052 1867 ’

144 1964 231 2029 Cum
246 1965 366 2047 procul
377 1983 422 2025 ex
437 1963 507 2027 alto
519 1961 694 2028 tendentes
706 1960 784 2024 vela
798 1962 924 2026 carinae

144 2075 324 2159 Ancipites
341 2080 477 2141 tenuere
493 2073 637 2146 animas,
653 2071 813 2136 sociosne
827 2073 1005 2150 malorum,

146 2186 202 2250 An
216 2186 375 2249 veherent
389 2185 527 2251 hostes:
550 2202 707 2274 praeceps
722 2182 807 2248 facit
822 2205 921 2249 omne
938 2186 1123 2264 timendum

144 2300 277 2375 Victor,
294 2305 328 2364 et
341 2301 378 2365 in
392 2299 487 2363 nulla
500 2318 570 2362 non
586 2296 732 2379 creditur
747 2316 824 2360 esse
841 2297 967 2361 carina.

147 2409 214 2473 Ast
228 2411 297 2475 illae
315 2429 451 2492 puppes
466 2409 591 2485 luens,
612 2408 839 2491 planetisque
852 2408 1019 2487 ferebant,

147 2523 192 2589 Et
202 2525 294 2588 mala
307 2524 363 2587 vel
379 2522 454 2587 duri
473 2522 644 2604 lacrymas
658 2526 791 2584 motura
807 2518 959 2601 Catonis.
1211 2529 1256 2592 59

148 2697 310 2762 ssdjhlgentia.
332 2698 465 2756 Sejaactas.
490 2691 1254 2760 36Maleamqac‚hicautemrersuacumsequeatinonestiuquih.

239 2765 271 2810 39
286 2763 420 2821 paclnclere.
520 2763 552 2809 40
568 2760 653 2806 nanda
752 2759 784 2804 42
801 2758 916 2803 neceuim.
1015 2761 1048 2806 43
1064 2761 1172 2808 naenia

181 2830 214 2873 44
232 2827 334 2874 Tentoria.
392 2829 425 2871 44
443 2824 527 2886 Libya.
586 2823 718 2870 44marlto.
768 2824 800 2889 45
811 2820 875 2868 Tum.
925 2826 957 2870 47
971 2825 1078 2884 preeihm.
1129 2829 1162 2875 49
1178 2827 1220 2874 illi.

183 2969 223 3012 3‘2.
244 2965 344 3027 Carere
354 2973 434 3011 sea-eta
444 2961 519 3024 petit]
530 2962 573 3009 lnl.
584 2963 691 3023 subllpi·
716 2967 809 3023 po'rturn
828 2963 911 3010 Geloni
930 2965 1057 3024 praeclusit,
1074 2969 1217 3031 expugnavit
1233 2977 1257 3018 et

152 3047 186 3083 ro,
194 3031 234 3076 ubi
244 3038 293 3076 erat
299 3029 407 3090 Pompeii
415 3029 504 3075 classis.
516 3027 582 3075 Mille
588 3027 690 3090 rauna]
716 3027 830 3074 militibus
843 3029 891 3074 suis
903 3029 1059 3088 diripiendum
1069 3033 1191 3081 concessit.

153 3096 302 3155 Syneednche
312 3094 479 3154 Hyperbolica.
749 3095 790 3139 40.
807 3091 923 3156 drapalia]
937 3093 1029 3143 Foaaed.
1041 3095 1183 3162 Phycunta]
1193 3102 1257 3160 Urbs

184 3163 224 3209 34.
244 3160 299 3212 Quis
315 3159 408 3214 ratibus,
427 3157 484 3222 &e.]
501 3157 691 3208 (liudisl’hursa-
717 3156 851 3218 Cyrenaicae
873 3165 953 3206 carrha
972 3160 1099 3209 Taenarum.
1144 3164 1258 3219 Meminoe
1356 3199 1360 3203 -

152 3225 332 3283 licaereliquias.
716 3229 770 3268 runt
786 3222 876 3285 Plinius
895 3224 927 3272 ir.
940 3222 980 3272 1e.
994 3242 1054 3280 vers.
1067 3228 1090 3274 5.
1125 3228 1259 3293 Stephanus

184 3291 224 3337 35.
242 3288 344 3335 Arctoae
356 3286 464 3348 caurus]
483 3287 641 3344 Oontruxissa,
653 3303 692 3335 an·
717 3286 795 3334 etiam.
813 3286 913 3336 Gratias.
1136 3298 1139 3304 '

153 3362 245 3414 gustum
255 3353 395 3408 reddidisse,
406 3353 501 3399 texisse.
750 3355 790 3400 49.
804 3351 916 3401 Palinure
923 3353 1010 3418 taam]
1019 3357 1204 3405 Promontorium
1212 3360 1259 3421 (ly-

185 3422 226 3468 36.
244 3417 332 3464 Darada
352 3427 414 3473 tuac,
436 3416 492 3478 isc]
515 3414 693 3478 Navigeticuern
717 3418 816 3464 renaicse
834 3419 935 3480 regionis
953 3420 978 3466 in
1000 3420 1088 3476 Africa,
1109 3438 1124 3468 a
1144 3412 1257 3475 Palinuro

154 3481 692 3543 Catonis,eCorcyrcinAfricumdescripturus,
718 3481 799 3528 AEneae
818 3484 883 3531 navis
903 3485 1017 3545 magistro
1037 3486 1216 3548 denominatum,
1232 3494 1259 3538 ut

154 3555 232 3595 narrat
248 3549 307 3600 loca,
327 3564 378 3607 qnae
399 3546 605 3608 praeternavigarit.
625 3545 692 3594 Hert.
719 3553 743 3593 et
753 3547 810 3594 illud
822 3549 924 3596 Paestani
935 3550 1000 3597 sinus
1011 3551 1119 3599 initalia.
1199 3544 1201 3549 ’

156 3613 270 3674 ualere]
288 3612 365 3658 ltlaleu
373 3612 554 3672 promontorium
573 3613 694 3659 esthco·
752 3615 792 3662 44.
811 3611 916 3660 Testatur
926 3613 1017 3679 labae]
1043 3618 1104 3664 Aule
1117 3617 1259 3697 iuitLllye.

155 3679 207 3733 niae,
219 3694 286 3738 quam
299 3678 414 3723 incoluere
427 3679 509 3723 Dares.
528 3676 635 3737 Apertam
648 3675 694 3724 Ta·
720 3679 774 3725 Nou
784 3678 852 3725 ltalia
863 3679 919 3736 sola,
941 3682 982 3727 sed
994 3689 1017 3728 et
1028 3682 1106 3729 anien
1116 3688 1213 3733 testelur
1223 3691 1260 3734 tu·

155 3742 246 3804 aaran]
258 3743 309 3789 Lib.
317 3745 337 3787 6.
347 3759 381 3788 vs.
390 3745 444 3791 648.
459 3740 693 3804 Tanuroaapereum]
720 3751 757 3789 tos
775 3749 857 3805 partus
868 3744 977 3792 Palinuro
988 3747 1106 3808 placuisse
1131 3757 1156 3796 el
1167 3750 1196 3796 ab
1206 3742 1261 3813 ipse

155 3810 181 3854 ln
200 3809 265 3867 cujus
276 3807 433 3866 promontorio
453 3807 562 3866 spelunca
579 3815 636 3864 erat,
652 3822 694 3867 per
721 3808 803 3854 dictos.
817 3807 881 3856 Grot.
896 3809 999 3858 Tecum
1011 3810 1091 3876 Libye,
1102 3783 1159 3876 dra]
1176 3815 1260 3879 Neque

157 3872 515 3934 quamadituseratadinferos.
542 3870 645 3920 Horten.
721 3872 800 3919 Africa
818 3873 895 3922 minus
912 3891 981 3935 quam
995 3876 1064 3924 lulis
1082 3884 1182 3926 testatur
1197 3868 1261 3937 rutel

188 3939 228 3985 37.
247 3937 343 3999 cpiam
360 3938 435 4000 petia]
459 3936 561 3982 Insulam
581 3936 695 3998 Pelopon·
720 3945 802 3998 portus
812 3938 927 3998 placuisse
940 3941 1049 3989 Palinuro
1058 3950 1127 4004 alque
1138 3945 1168 3991 ab
1179 3960 1208 3992 eo
1218 3961 1261 3993 nce

155 4003 214 4057 nesi,
226 4002 296 4048 hodie
309 4001 397 4065 (leriga.
720 4017 773 4047 men
782 4004 909 4064 accepisse.
921 4005 1022 4073 Phrygia
1030 4006 1159 4073 Magistro]
1171 4008 1260 4059 AEneae.

188 4071 228 4115 38.
247 4066 338 4130 Fuga]
351 4065 695 4127 Praeternarigantibusetprc-
724 4065 826 4115 Hortarer.
996 4076 998 4081 ’
1216 4062 1223 4071 ’

157 4133 232 4178 vectis
247 4133 357 4178 recedere
368 4133 475 4188 videtur3
492 4145 584 4176 causam
601 4131 696 4177 vidend
754 4136 795 4181 45.
813 4133 871 4194 Cura
880 4135 970 4194 pascal,
985 4134 1040 4200 dra]
1058 4137 1113 4194 Ubi,
1129 4139 1263 4204 conspectip

157 4199 211 4244 Sen.
221 4196 304 4243 Troad.
317 4213 352 4243 vs.
365 4201 438 4245 1044.
456 4195 543 4244 Dictae
555 4194 628 4258 legit]
640 4195 696 4241 (lra-
706 4208 711 4216 ·
722 4197 819 4245 neribus
830 4198 854 4244 in
865 4199 948 4258 quibus
965 4209 1030 4250 erant
1041 4198 1152 4250 'Gemella
1169 4203 1261 4251 et'Se'x'·

158 4263 238 4309 lensia.
258 4262 327 4316 Dicte
338 4263 392 4308 urbs
404 4269 427 4308 et
438 4277 502 4309 mons
513 4260 598 4308 Crete.
721 4269 759 4309 tas
770 4261 898 4324 Pompeius
905 4258 957 4311 curn
967 4267 1088 4323 suis,catc
1097 4264 1205 4325 duhiure
1215 4284 1264 4335 eq·

190 4329 229 4376 39.
247 4327 333 4373 Ausum
345 4327 415 4382 classi,
432 4325 493 4389 &c.]
508 4325 629 4389 Phycunta
640 4339 695 4386 opp.
721 4322 952 4388 praenascentis
963 4338 1041 4380 esseut
1054 4348 1082 4379 un
1097 4318 1212 4399 Rompeii.
1228 4320 1230 4328 ¹

158 4408 211 4438 cam
220 4391 633 4453 promonwriccyrenalcreregionis·
643 4391 697 4451 quin
760 4395 801 4442 50.
819 4391 882 4440 Duri
891 4393 1020 4459 lacrymas]
1036 4395 1119 4453 Stoici,
1135 4393 1236 4450 ἀπαθῶς.
