2784 4860
345 351 569 424 clvrurs
613 350 792 422 nunni
835 349 945 420 niu.
994 301 1076 420 rx(
1180 354 1257 421 xaaa
1345 375 1349 383 =

147 531 308 615 Ossaque
325 529 518 598 dissolvens
535 550 614 598 cum
629 529 947 615 corporatabificus
961 530 1063 616 Seps.

147 640 325 724 Sibilaque
340 640 516 707 effundens
531 645 674 708 cunctas
688 640 846 709 terrentia
859 647 987 726 pestes,

150 751 239 815 Ante
255 770 389 816 venena
402 771 543 830 nocane,
558 752 627 817 late
642 751 708 817 sibi
723 753 904 818 submovet
919 772 1019 818 omne

147 860 292 945 Vulgus,
309 863 392 927 etin
406 881 520 928 vacua
532 869 650 946 regnat
668 863 861 929 Basiliscus
877 882 991 928 arena.

146 971 385 1058 Vosquoque,
402 976 461 1058 qui
477 977 609 1040 cunctis
628 973 770 1055 innoxia
783 974 924 1040 numina
937 975 1034 1039 terris

146 1082 301 1166 serpitis,
318 1091 436 1149 aurato
451 1085 551 1151 nitidi
566 1084 697 1168 fulgore
714 1082 912 1161 Dracones·

147 1191 333 1258 Pestiferos
349 1193 471 1259 ardens
486 1195 571 1259 facit
584 1194 715 1272 Africa,
731 1193 864 1259 ducitis
872 1194 978 1260 altum

145 1300 238 1367 Aera
253 1324 331 1367 cum
346 1305 480 1387 pennis,
496 1309 713 1388 umentique
735 1309 809 1369 tota
821 1305 932 1370 secuti

145 1409 318 1495 Rumpitis
334 1415 487 1497 ingentes
502 1414 653 1498 amplexi
667 1414 807 1480 verbere
819 1421 948 1480 muros.
968 1428 970 1433 '

145 1521 221 1586 Nec
237 1529 330 1588 tutus
346 1525 460 1607 spatio
475 1529 529 1589 est
544 1523 715 1609 Elephas:
739 1524 828 1590 datis
848 1524 1066 1592 omnialeto:

145 1631 224 1698 Nec
239 1634 340 1698 vobis
353 1652 443 1716 opus
456 1635 566 1699 estad
580 1636 687 1700 noxia
700 1635 773 1701 sata
785 1654 930 1701 veneno.
1041 1640 1118 1705 ii·
1184 1691 1186 1695 .

146 1742 224 1808 Has
239 1744 325 1808 inter
339 1749 455 1827 pestes
470 1744 554 1808 duro
570 1743 656 1808 Cato
671 1747 778 1812 milite
793 1748 925 1821 siccum

144 1856 309 1920 Emetitur
322 1857 403 1920 iter:
426 1861 478 1920 tot
490 1855 601 1920 tristia
613 1854 686 1921 fata
700 1876 849 1936 suorum,
1042 1859 1083 1918 lt
1179 1857 1247 1924 735

144 1966 374 2050 Insolitasque
390 1965 510 2030 videns
520 1985 628 2049 parvo
643 1987 723 2032 cum
736 1967 1040 2031 uulneremortes..
1071 1973 1140 2030 ..un

143 2075 346 2158 Signiferum
356 2076 518 2161 juvenem
535 2075 699 2159 Tyrrheni
713 2078 887 2160 sanguinis
902 2076 1031 2142 Aulum
1068 2079 1144 2138 ’,κε’
1207 2077 1212 2081 “

141 2188 249 2252 Torta
264 2194 369 2272 caput
381 2195 470 2254 retro
486 2187 617 2272 Dipsas
633 2191 771 2255 calcata
779 2189 971 2254 momordit.
1018 2262 1035 2278 Ι,

143 2296 215 2362 Vix
230 2297 339 2376 dolor,
355 2305 415 2363 aut
429 2319 550 2363 sensus
566 2299 677 2365 dentis
691 2301 776 2365 fuit:
799 2301 944 2384 ipsaque
955 2298 1019 2379 ,leti

144 2408 252 2473 Frons
268 2416 361 2474 earet
374 2410 522 2474 invidia:
545 2413 808 2494 necquicquam
823 2411 928 2494 plaga
941 2411 1099 2473 minatur.
1179 2410 1245 2476 740

141 2519 233 2584 Ecce
249 2522 341 2586 subit
353 2522 446 2586 virus
461 2522 613 2598 tacitum,
630 2522 806 2606 carpitque
821 2521 988 2586 medullas

105 2649 109 2656 ’
141 2656 316 2722 729Lety'eror.
365 2661 414 2708 733
426 2659 719 2722 Hioversusiuquib.uorr
729 2667 799 2707 extat.
849 2661 898 2709 736
909 2659 976 2707 eiciet.
1024 2659 1242 2709 assumtum.

175 2777 231 2823 793.
249 2772 343 2838 Onesiae
353 2776 478 2831 dissolvens,
488 2776 546 2841 dcc]
563 2778 633 2835 lutra,
642 2791 678 2824 rs.
704 2773 760 2823 mini
771 2781 880 2823 armenta.
892 2775 969 2822 Str-ab.
978 2776 1020 2823 lib.
1030 2775 1072 2822 ult.
1082 2777 1164 2824 Nicen.
1172 2777 1241 2824 lber.

142 2841 199 2886 776.
224 2848 247 2886 et
269 2841 366 2888 allusurn
391 2843 421 2888 ad
445 2849 546 2904 etymon,
567 2845 627 2907 sagis
653 2841 679 2889 si
736 2844 793 2888 731.
813 2839 903 2888 Verbera
913 2840 1008 2902 tauros]
1026 2842 1101 2901 Spiris
1111 2847 1135 2887 et
1145 2843 1226 2890 cauda.

143 2903 223 2950 σήπειν.
736 2907 793 2953 739.
813 2903 1242 2966 NectutusrputioestElephus.]Spa·

175 2971 231 3015 724.
248 2967 358 3031 Sibilaque
375 2969 499 3034 ffundens,
521 2969 577 3032 dre]
603 2971 678 3018 sibilo
703 2967 761 3016 tium
772 2969 900 3029 elephantis
918 2969 979 3017 dixit
996 2970 1026 3016 de
1042 2969 1201 3030 magnitudine
1214 2987 1242 3018 ao

143 3048 223 3080 omnes
232 3031 319 3093 (inquit
330 3034 391 3082 Plio.
403 3035 445 3082 lib.
456 3039 478 3083 8.
487 3051 538 3097 oap.
549 3035 602 3098 21.)
613 3038 678 3098 lugat
703 3033 764 3079 mole
779 3034 842 3080 illius
859 3033 951 3080 belluae.
970 3042 998 3080 ut
1012 3034 1119 3083 Juvenal.
1139 3034 1242 3095 Spatium

142 3105 269 3158 serpentes,
288 3097 331 3145 &o
350 3100 407 3146 alios
424 3101 509 3148 olfactu
521 3108 595 3147 necat.
613 3102 678 3147 ldem
702 3098 832 3146 admirabile
841 3098 934 3144 rhombi.
945 3097 1042 3145 Salmas.
1060 3097 1175 3160 Elephan]
1187 3101 1242 3147 Ele·

143 3178 194 3222 cap.
208 3168 230 3211 4.
243 3163 283 3208 lib.
294 3165 333 3210 ⁶29.
344 3172 368 3210 et
378 3164 471 3211 Solinus
482 3179 532 3225 cup.
542 3169 582 3214 40.
594 3173 618 3213 et
633 3165 678 3212 Ni-
702 3163 795 3222 phantis
804 3162 859 3225 quia
872 3161 1036 3223 frigidissimus
1045 3162 1106 3209 inest
1116 3164 1218 3222 sanguis,
1228 3180 1242 3210 a

144 3229 227 3273 eander
246 3227 271 3272 iu
292 3228 419 3284 Theriaois,
440 3229 485 3276 οὐκ
507 3229 548 3292 aiga
570 3229 593 3277 br
615 3227 678 3276 κείνου
703 3228 982 3290 Draconibusexpetitur.
991 3228 1021 3273 de
1030 3227 1099 3272 modo
1107 3227 1242 3274 insidiarum

141 3289 277 3402 {istit
292 3290 677 3419 ihi?“et⁷i{l‘ess¹ssss⁷hlli'⁰”'‘”’
702 3291 1240 3418 iiiiii¹⁸lit⁸tl⁰⁰t{iiiiii

176 3424 231 3468 ⁷26.
249 3420 465 3486 Basilisarsarena]
480 3421 604 3486 ‘senueris
611 3420 677 3473 Basr-
701 3420 742 3468 lib.
754 3423 777 3467 3.
787 3421 828 3467 vit.
839 3419 964 3481 Apollonii.
1080 3440 1083 3444 ¹

141 3484 197 3538 λεῦς.
218 3485 316 3531 Nicend.
336 3486 434 3532 candida
451 3488 475 3533 in
491 3487 568 3546 capite
587 3487 677 3533 macula
734 3487 798 3543 733.Ι
809 3482 858 3539 Nec
868 3486 925 3531 rubis
941 3499 1003 3546 opas,
1022 3481 1079 3544 δια]
1096 3483 1174 3544 Draco
1192 3500 1240 3532 non

142 3550 207 3608 qnasi
218 3551 317 3610 quodam
329 3550 457 3598 diademate
474 3551 605 3611 insignitus.
615 3550 675 3597 Plin.
702 3549 877 3596 habetvenena.
897 3548 956 3596 Ptin.
972 3562 1023 3608 esp.
1039 3546 1115 3594 alib.
1135 3551 1175 3598 29.
1190 3551 1240 3598 sina

140 3614 181 3660 lib.
191 3618 214 3660 8.
223 3631 274 3676 cap.
285 3617 323 3661 ti.
332 3615 403 3661 Solio.
412 3631 463 3675 cap.
472 3618 511 3662 43.
521 3621 545 3662 et
551 3615 675 3661 Avioeuna.
702 3614 772 3660 habet
779 3615 888 3674 majorem
898 3613 922 3658 in
931 3612 1005 3658 cauda
1012 3625 1080 3672 quam
1089 3612 1114 3658 in
1120 3613 1239 3662 dentibus.

174 3682 231 3726 727.
251 3679 390 3741 Vosquoqua
401 3679 460 3742 δια]
477 3680 602 3740 Serpentes
613 3677 676 3736 alati,
734 3679 790 3728 ⁷³4.
809 3674 1020 3738 Hasinterpestes]
1040 3677 1068 3723 ln
1085 3691 1113 3724 ea
1123 3677 1239 3739 expediti-

141 3744 206 3790 sacr‘r
218 3743 298 3798 habiti,
318 3751 344 3791 ut
361 3760 458 3804 quorum
476 3744 572 3791 formam
583 3743 624 3790 Dii
640 3759 677 3790 as·
701 3756 746 3789 oue
758 3750 847 3804 septem
857 3740 941 3788 diebos
951 3740 1099 3788 continuabat
1116 3741 1162 3790 iter
1171 3742 1239 3802 Cato,

142 3809 268 3871 sumpsisse
282 3810 413 3865 credantur,
424 3809 479 3855 alibi
489 3809 587 3866 innoxii,
598 3809 622 3854 iu
634 3808 676 3856 Af·
701 3813 727 3854 ut
738 3807 820 3855 scribit
829 3805 972 3853 Plutarchus.
990 3805 1091 3853 Praibat
1108 3819 1187 3854 ornnes
1198 3824 1240 3872 pe·

140 3874 189 3919 rica
196 3872 308 3934 pestiferi.
318 3873 437 3933 Plinioap.
447 3877 470 3920 4.
479 3873 521 3922 lib.
532 3876 571 3922 29.
582 3872 676 3920 lanmia
701 3871 751 3926 des,
763 3886 837 3932 neque
847 3885 916 3932 equo,
926 3884 1000 3931 neque
1010 3869 1059 3918 ullo
1066 3871 1171 3930 jumento
1182 3887 1250 3927 usus,

139 3940 241 3995 numina,
253 3938 310 4002 bro]
318 3936 405 3997 ‘Araiai
414 3936 516 4000 δαίμονις,
527 3952 585 3999 quos
597 3937 675 3986 Latini
700 3935 760 3983 luit:
777 3935 884 3983 Sedendo
896 3949 986 3983 coenarn
996 3934 1111 3997 capiebat,
1123 3935 1167 3984 &a
1178 3935 1238 3984 Hor-

138 4004 216 4065 garu'es
234 4011 326 4049 vocant.
347 4003 439 4048 Solinus
460 4004 521 4051 enim
538 4003 617 4059 tradit,
635 4017 676 4048 ora
699 4008 754 4048 teus.
1176 4041 1181 4047 ,

140 4067 278 4114 draconibus
296 4068 354 4114 adeo
370 4082 450 4128 parva,
470 4075 495 4114 ut
505 4069 611 4115 mordere
629 4081 675 4114 nou
732 4067 789 4112 737.
806 4057 945 4177 δῐεᾶιίζστιιω
953 4066 1070 4126 juvenem,
1090 4062 1147 4131 aa]
1164 4064 1239 4128 Poeta

139 4131 239 4193 possint.
249 4132 566 4194 pratereainnoxiuaeomm
576 4147 675 4187 morsus,
701 4129 782 4178 dilatat
793 4128 860 4178 rires'
879 4145 946 4178 orum
962 4135 1103 4192 serpentum,
1119 4129 1143 4176 ln
1156 4128 1237 4177 militi·

140 4197 203 4257 quod
222 4208 315 4243 veneno
330 4207 430 4243 careant.
449 4197 504 4244 ideo
522 4197 640 4244 veteribus
651 4196 675 4243 in
700 4196 745 4242 bus
756 4194 851 4243 (latonia
861 4193 923 4244 ictis.
1176 4203 1178 4207 '
1241 4208 1245 4215 ·

140 4261 228 4309 delitiis
245 4269 271 4308 et
285 4261 469 4317 oblectamentis,
484 4277 570 4324 eosque
584 4258 673 4326 agatho
733 4261 790 4308 tto.
808 4256 1237 4324 FroascsretipoidiaJVuluerisspe-
1285 4257 1291 4321 ’μ

139 4329 372 4385 demonesuooabant,
389 4325 483 4374 Salmas.
619 4383 622 4387 ⁴
701 4321 1237 4385 oiesflelos,et,utsocsnt;oritioiurueratpu-

174 4395 230 4442 ⁷30.
248 4390 402 4455 sermoque,
412 4390 470 4456 bia]
481 4391 565 4442 Volatu
574 4390 676 4454 insequi·
701 4389 778 4438 sillum
787 4396 811 4440 et
821 4389 1018 4440 aonunneadun.
1028 4386 1169 4457 utnudova
1178 4387 1236 4439 7³6.
