2784 4860
449 678 499 815 ill.
534 749 703 816 ANNAEI
742 748 925 816 LUCANI

287 956 697 1088 crvrurs
777 982 1103 1110 untur,

445 1334 930 1488 P'nnnsnurru,
993 1327 996 1330 ’

548 1625 672 1681 LIBER
698 1624 838 1679 NONUS.

606 1883 794 1898 m

139 2047 207 2134 Ar
223 2073 339 2136 nonin
352 2072 478 2137 Pharia
492 2094 609 2140 manes
619 2076 758 2159 jacuere
770 2073 899 2148 favilla,

140 2181 215 2246 Nec
231 2184 316 2246 cinis
330 2185 615 2266 exiguustantam
629 2179 1009 2269 compescuit'umbram
1018 2205 1040 2250 t.

139 2293 302 2358 Prosiluit
315 2296 426 2372 bust0,
443 2303 660 2380 semustaque
675 2297 826 2359 membra
844 2296 1049 2378 relinquens,

139 2404 416 2488 Degeneremque
430 2426 559 2488 rogum,
575 2408 727 2490 sequitur
742 2425 899 2469 convexa
913 2404 1091 2469 Tonantis,

139 2514 217 2592 Qua
229 2517 323 2598 niger
338 2515 500 2581 astriferis
517 2518 726 2581 connectitur
740 2516 864 2579 axibus
888 2513 963 2578 ae'r:

139 2623 308 2709 Quodque
321 2633 416 2710 patet
430 2634 536 2692 terras
551 2630 647 2703 inter,
661 2629 819 2708 lunaeque
832 2629 964 2688 meatus

138 2737 287 2800 Semidei
300 2758 418 2801 manes
429 2738 594 2815 habitant,
610 2757 698 2820 quos
714 2738 815 2818 ignea
826 2735 934 2799 virtus

139 2838 312 2912 Innocuos
328 2850 407 2913 vitae
418 2851 587 2933 patientes
603 2849 738 2914 aetheris
754 2848 814 2911 imi

139 2958 245 3037 Fecit,
263 2967 296 3024 et
307 2966 453 3037 aetemos
465 2961 612 3024 animam
628 2960 766 3043 collegit
779 2959 815 3022 in
831 2958 941 3021 orbes

139 3068 219 3132 Non
233 3071 315 3134 illuc
332 3091 414 3134 auro
429 3071 545 3154 positi,
564 3091 627 3135 nec
643 3077 715 3135 ture
731 3069 856 3153 sepulti
1201 3069 1244 3134 10

220 3218 345 3277 5apsibns,
357 3217 442 3263 Sabell.
509 3218 635 3280 liQnoque
638 3222 710 3281 jacet.
777 3218 862 3279 8¹eitu.
930 3215 1161 3274 annumerem.

171 3349 192 3390 1.
212 3342 291 3390 Meam
294 3346 392 3404 jacuere
392 3343 498 3407 favilla]
511 3344 618 3404 Pompeii
627 3345 676 3391 aui·
702 3343 766 3405 rpem
776 3341 832 3389 buin
848 3339 912 3400 yber,
930 3357 987 3402 quos
1002 3338 1060 3404 lpas,
1077 3341 1102 3388 id
1122 3347 1166 3397 est,
1175 3341 1243 3404 ¹aeris

138 3423 181 3453 ma.
200 3408 300 3455 absolvit
308 3416 385 3455 autem
396 3415 464 3471 poeta
474 3405 589 3456 ἀποθέωσιν
606 3410 676 3456 Pom·
701 3408 762 3455 lilios
773 3421 871 3466 corpore
882 3407 970 3453 solutos
981 3407 1079 3453 emicare
1090 3413 1177 3453 etcum
1188 3407 1243 3454 Dre-

139 3472 194 3531 peii.
530 3511 532 3516 .
701 3472 807 3519 monibus
826 3469 1020 3517 habitare'volunt
1031 3471 1091 3516 aeris
1105 3469 1129 3516 iu
1145 3471 1241 3533 eampis.

170 3541 193 3583 4.
211 3537 317 3597 Sequitur
337 3553 430 3584 convexo
449 3535 574 3598 Taroutia]
592 3538 677 3584 Beata·
702 3537 763 3591 Quos
773 3537 841 3599 igroeu
856 3533 946 3595 uirtus]
957 3534 1026 3588 Quos
1042 3535 1121 3582 ardeus
1132 3537 1241 3585 aeaeae

138 3617 187 3647 rum
196 3602 321 3648 animarum
329 3603 407 3648 sedem
416 3601 509 3660 repetit,
518 3617 612 3662 campos
619 3603 675 3664 Ely-
701 3601 785 3648 aetheru
796 3601 874 3646 virtru.
892 3599 957 3658 Virg.
968 3601 990 3645 6.
1008 3599 1063 3656 AEn
1081 3597 1166 3664 Igneus
1175 3600 1242 3664 quip-

138 3666 194 3721 sios,
210 3667 335 3725 dequibus
354 3667 409 3713 vide
427 3668 576 3725 quaenosad
591 3667 675 3714 Seneo.
701 3664 825 3727 peeetillis
836 3663 1032 3726 vigoretcoelestis
1041 3663 1110 3726 origo.
1201 3722 1204 3729 .

137 3730 236 3786 Troada,
253 3747 314 3776 vers.
331 3734 387 3779 942.
422 3731 475 3777 Hos
492 3730 531 3776 alii
549 3731 572 3777 in
589 3731 677 3791 Hispa·
734 3733 757 3776 8.
776 3728 885 3776 Iarwcrwe
904 3729 961 3785 vste,
979 3726 1036 3791 δια]
1053 3728 1107 3775 Nou
1123 3731 1240 3790 gravatos,

138 3796 183 3851 nia,
194 3795 232 3839 alii
245 3795 268 3840 in
280 3795 361 3841 insulis
373 3794 504 3842 Fortunatis
515 3795 598 3842 locant.
622 3797 675 3842 Pla·
701 3809 745 3843 uon
754 3800 875 3854 corruptos
886 3792 1020 3839 inferiorum
1032 3798 1144 3854 euntque,
1159 3808 1241 3855 rerum

138 3861 265 3905 tunicor-um
282 3860 322 3904 alii
338 3861 363 3906 in
374 3876 462 3906 summo
474 3859 526 3905 loco
538 3860 601 3907 tertii
612 3861 676 3907 ordi·
701 3860 781 3905 eedem
793 3874 856 3905 suam
870 3864 1013 3917 appetentes.

138 3924 174 3969 nis
191 3939 222 3969 ex
236 3931 274 3970 ter
292 3931 401 3984 quaterna
412 3925 576 3972 elementorum
592 3924 675 3972 divisi·
734 3926 757 3970 9.
776 3921 862 3986 Orbas]
880 3922 995 3981 spherus.
1062 3968 1071 3984 ,Χ
1175 3976 1178 3980 ’

139 4003 189 4043 oue,
206 3988 231 4033 iu
247 3987 307 4033 coele
318 3989 409 4035 scilieet
425 3990 487 4049 quod
503 3996 564 4037 terra
575 3991 676 4042 ἀπλανὴς
734 3991 772 4033 10.
792 3986 844 4033 Non
854 3985 975 4034 illucauro
981 3987 1054 4046 positi,
1072 3984 1130 4049 &c.]
1147 3985 1200 4034 Nou
1211 3987 1240 4036 il·

138 4052 232 4106 dicitrrn
249 4052 356 4110 alii-vero
367 4053 391 4098 in
403 4054 497 4114 regione
511 4053 617 4114 proxime
629 4054 676 4100 Im-
699 4052 740 4098 luo
750 4066 842 4112 semper
851 4051 1090 4099 ascenduntcaesares
1102 4051 1177 4099 aureis
1185 4050 1241 4100 eeu·

138 4133 198 4170 nam.
216 4131 283 4176 quam
292 4117 345 4163 uitae
356 4118 482 4177 mortisque
492 4118 613 4172 confinium
624 4133 676 4164 essa
701 4116 744 4164 diu
755 4116 848 4171 loculis,
865 4115 971 4163 eburneis
984 4115 1115 4176 auratisque
1126 4115 1182 4162 elati
1189 4114 1240 4163 leo-

139 4182 227 4236 volunt,
243 4180 286 4226 &a
305 4182 439 4229 Macrobius
448 4183 470 4228 in
483 4184 560 4230 Somn.
572 4182 674 4243 Scipion.
701 4180 741 4238 tis,
754 4195 819 4245 ergo,
835 4179 902 4228 tlru're
911 4181 1015 4238 cremati,
1032 4177 1076 4226 &a
1094 4179 1134 4241 qui
1144 4186 1242 4244 moueat

137 4247 179 4292 lib.
193 4252 215 4292 1.
228 4261 278 4306 cap.
291 4250 328 4292 11.
701 4245 815 4308 referendi
825 4245 980 4306 Imperatores
997 4247 1021 4294 iu
1039 4259 1158 4293 numerum
1176 4242 1242 4305 Deoq

180 4314 204 4354 7.
222 4309 316 4357 Semidei
342 4327 417 4358 moues
445 4311 566 4375 habitune]
585 4309 677 4374 ,Ἀνδρῶν
701 4327 759 4365 rum,
771 4311 860 4366 Herod.
872 4309 913 4356 lib.
925 4312 956 4370 4„
987 4306 1002 4334 ‘
