2784 4860
350 345 575 429 clvi-Lis
619 345 798 432 BELLl
842 348 1032 433 mlix·
1180 346 1281 422 tta

138 525 420 608 Perdidimusque
434 522 544 603 nefas,
554 542 685 607 perque
697 521 805 588 ictum
820 525 985 607 sanguine
997 523 1119 610 Magni
1148 596 1152 613 ,

139 636 280 714 Foedus,
295 636 397 701 ades:
422 635 536 700 subito
550 635 679 700 bellum
692 633 812 698 molire
825 635 989 700 tumultu:
1084 646 1086 650 ’

139 748 252 813 Irrue:
276 753 461 814 nocturnas
475 767 673 832 rumpamus
688 745 805 809 funere
819 743 928 829 tedas,
967 814 969 820 ,

140 859 386 943 Crudelemque
401 859 484 923 toris
500 859 674 923 dominam
687 861 877 921 mactemus
894 856 931 920 in
944 856 1032 940 ipsis

140 969 227 1034 Cum
242 989 445 1053 quocunque
455 971 540 1034 viro.
555 987 698 1036 necncs
711 967 877 1031 deterreat
891 950 1002 1033 ausis.
1052 958 1056 978 '
1180 967 1246 1032 375

142 1080 305 1162 Hesperii
320 1079 474 1157 Fortuna
484 1078 594 1143 ducis.
611 1097 689 1161 quae
705 1077 842 1142 sustulit
851 1076 959 1160 illurn.

142 1190 378 1274 Imposuitque
396 1189 481 1264 orbi,
499 1188 689 1263 communis
704 1187 813 1270 gloria
825 1187 947 1252 nobis:
976 1240 995 1247 ,.

143 1300 220 1364 Nos
232 1319 368 1383 quoque
384 1297 712 1383 sublimes‘Magnus
725 1299 820 1364 facit.
837 1299 955 1384 aspice
970 1299 1065 1365 littus
1081 1330 1085 1338 =

144 1411 250 1495 Spem
265 1411 372 1474 nostri
392 1409 553 1475 sceleris:
575 1406 726 1494 pollutos
742 1410 883 1481 consule
896 1409 1033 1495 fluctus·
1192 1467 1195 1475 .

146 1521 239 1601 Quid
254 1523 357 1588 liceat
371 1522 490 1586 nobis:
513 1522 746 1604 tumulumque
761 1541 781 1588 e
796 1521 935 1606 pulvere
950 1538 1057 1609 parvo
1186 1520 1252 1587 38⁰

145 1632 277 1716 Aspice
288 1633 448 1716 Pompeii
458 1651 528 1696 non
542 1632 658 1696 omnia
671 1634 825 1698 membra
837 1638 1016 1716 tegentem.

147 1743 259 1824 Quem
273 1745 408 1822 metuiS,
423 1765 487 1827 par
497 1745 599 1829 hujus
614 1749 696 1809 erat.
712 1764 781 1808 non
795 1745 960 1826 sanguine
975 1744 1079 1810 clari:

147 1854 242 1935 Quid
253 1857 379 1921 referti
401 1876 465 1922 nec
482 1876 567 1940 opes
582 1856 857 1940 populorumac
872 1875 977 1938 regna
990 1875 1180 1941 movemus.
1199 1837 1200 1841 ¹

146 1965 205 2046 Ad
219 1968 333 2034 scelus
348 1967 494 2050 ingentis
509 1967 571 2031 fati
582 1984 711 2030 sumne.
727 1965 873 2031 adtrahit
894 1965 973 2030 illos
1042 2014 1043 2018 ,

148 2073 191 2140 In
205 2084 339 2143 nostras
357 2078 508 2143 Fortuna
521 2097 653 2141 manus.
671 2096 714 2140 en
729 2077 834 2140 altera
848 2077 942 2149 venit
1188 2076 1254 2142 38⁵

146 2187 300 2253 Victima
314 2191 472 2252 nobilior.
487 2190 664 2271 placemus
686 2187 783 2253 caede
799 2188 952 2266 secunda

328 2350 376 2396 380
393 2365 407 2394 a
416 2348 466 2409 pul.
629 2349 676 2394 381
693 2353 788 2409 tegente.
951 2351 1001 2398 388
1016 2365 1076 2410 opus.

441 2416 490 2462 383
504 2420 583 2476 etreg.
652 2456 659 2464 ,
723 2413 773 2461 384
789 2412 954 2477 lugentesfacti

149 2526 227 2602 medio
235 2526 286 2574 fuso
292 2529 461 2584 ceuliburnine,
469 2542 613 2589 percussum.
633 2526 693 2574 Hor·
719 2525 804 2637 Om‘ecti
820 2527 866 2602 Sed
879 2543 929 2584 nos,
945 2525 1045 2588 inquies,
1062 2542 1108 2575 non
1123 2544 1201 2575 snmus
1213 2545 1253 2590 ge·

151 2601 243 2639 tensius.
717 2607 771 2638 nere
782 2608 796 2637 c
805 2606 846 2636 arr.

184 2659 240 2705 371.
260 2655 446 2718 Perdidimusque
466 2655 550 2719 nefus]
568 2656 632 2702 Male
646 2655 693 2704 col·
749 2657 806 2704 383.
824 2654 887 2709 Quid
902 2652 1003 2720 rp‘crtl]
1021 2656 1092 2704 Sciat.
1124 2658 1253 2719 Neqneta·

152 2722 289 2775 locavimus,
304 2723 392 2768 nullum
412 2723 531 2768 consecuti
552 2721 615 2768 illius
634 2738 692 2784 prae·
717 2735 769 2766 meu
788 2736 831 2766 nos
847 2719 923 2782 (quod
942 2720 978 2778 illi
996 2719 1110 2785 feceruut)
1127 2722 1254 2770 solidavi-

152 2787 237 2843 mium;
252 2786 296 2832 nisi
307 2794 331 2832 et
343 2802 428 2834 novum
439 2787 482 2833 hoc
494 2787 570 2833 scelus
583 2786 693 2847 adjungu—
708 2787 769 2832 'mus
779 2783 878 2846 populos
890 2791 914 2830 et
924 2800 992 2846 reges
1002 2786 1026 2832 in
1041 2793 1120 2834 nostra
1130 2788 1220 2836 auxilia
1230 2797 1254 2837 ct
1322 2808 1326 2814 ·

153 2867 212 2898 mus.
230 2849 304 2897 Ictum
314 2853 424 2914 sauguine
445 2851 536 2914 Magni,
554 2851 609 2916 δια]
627 2853 693 2900 Allu·
718 2851 746 2896 sd
768 2849 929 2911 exequendum
948 2851 1009 2910 quod
1029 2853 1201 2913 proposuimus.
1224 2855 1254 2900 ad

153 2932 204 2962 sum
216 2917 245 2962 ud
255 2931 342 2962 morem
350 2916 448 2962 faciendi
460 2917 563 2964 foederis.
718 2915 781 2974 quod
797 2915 844 2976 ipsi
862 2929 905 2974 per
922 2930 963 2961 nos
984 2916 1116 2963 sufficimus.
1144 2916 1192 2964 Nec
1204 2933 1254 2979 opes

187 2982 243 3028 373.
261 2979 352 3044 Tradat]
370 2982 476 3042 Nuptias.
715 2979 868 3042 populorum]
885 2980 1004 3041 Necopas
1020 2982 1159 3042 populorum
1175 2998 1255 3030 mora-
1283 3002 1286 3006 ¹
1349 3022 1352 3031 .

188 3048 244 3093 3⁷5.
263 3044 320 3094 Cum
335 3061 464 3108 quocunque
472 3043 539 3107 viro]
558 3045 694 3101 Ptolemaeo,
717 3059 783 3102 mus3
798 3045 841 3091 sed
850 3044 901 3104 ipse
910 3059 937 3091 sa
948 3045 1009 3092 ultro
1019 3046 1088 3094 offert
1098 3046 1173 3104 nobis,
1189 3053 1214 3094 et
1224 3050 1253 3094 ud

154 3125 197 3157 ceu
206 3109 304 3156 Caesare.
323 3109 373 3158 Nec
386 3126 426 3158 nos
436 3111 556 3167 delmest,
572 3109 630 3172 δια]
647 3113 693 3157 Oc·
718 3109 793 3156 scelus
803 3109 908 3170 ingentes
919 3110 974 3156 iacti
986 3125 1073 3167 sumus,
1084 3119 1206 3172 postquam
1217 3128 1254 3159 sa*

154 3184 224 3235 cupat
235 3175 297 3236 quod
307 3175 377 3235 objici
388 3182 476 3237 posset,
493 3190 538 3236 quo
555 3177 644 3222 acaede
652 3176 693 3222 de·
717 3173 898 3222 melcocidirnus
907 3175 1052 3235 Pompeium.
1070 3175 1175 3223 Hortau.

153 3247 301 3286 terrerentur.
335 3239 693 3288 Caesarernbellistotrictorem
728 3235 806 3287 ⁴384.
834 3238 870 3285 Ad
888 3239 959 3286 scelus
979 3240 1075 3304 iugentia
1087 3240 1140 3304 frti
1157 3243 1254 3306 sumus]

156 3312 181 3351 et
201 3305 340 3351 fortunatum
358 3320 424 3351 esse:
442 3305 575 3353 Periculum
593 3306 651 3361 iore,
668 3312 695 3353 ut
719 3303 830 3364 Magnum
841 3311 878 3350 est
890 3305 963 3350 fetum
979 3299 1083 3352 noenum
1093 3312 1118 3351 et
1131 3313 1214 3367 potans
1225 3307 1255 3353 ad

155 3369 278 3418 consilinm
297 3369 420 3416 infeliciter
439 3372 539 3417 caderet.
560 3369 693 3432 Hesperium
719 3368 813 3416 scelera
846 3369 884 3415 lta
901 3369 996 3415 Grotius
1007 3371 1046 3429 qui
1063 3371 1121 3416 hanc
1132 3369 1255 3417 lectionem

156 3437 245 3491 ducem,
262 3434 377 3481 Caesarem
389 3441 465 3482 vocat.
489 3434 596 3483 Horteus.
718 3435 809 3493 probat.
841 3434 944 3480 Alteram
954 3433 1085 3491 lectionem,
1096 3434 1134 3482 Ad
1143 3435 1212 3481 meleu
1219 3440 1255 3482 ia-

189 3500 245 3545 376.
263 3497 359 3546 Sustulit
370 3498 456 3561 iiluna]
474 3498 570 3547 Erexit.
716 3506 793 3560 geistes
800 3495 864 3565 facti
883 3513 967 3554 sumtu,
990 3499 1111 3546 adstruere
1126 3501 1213 3561 poterit
1228 3501 1257 3548 il-

190 3566 245 3610 377.
265 3563 392 3610 Communis
399 3564 474 3627 gioria
489 3561 571 3626 nodia]
589 3565 695 3624 Occupat
719 3563 759 3608 lud
778 3562 839 3623 Lyci
857 3563 918 3622 apud
935 3563 1016 3610 Senes.
1035 3564 1059 3610 in
1071 3563 1144 3612 Herc.
1161 3567 1202 3612 Fu.
1219 3581 1255 3613 vs.

156 3628 309 3689 occupatione
325 3628 421 3690 gloriam
432 3643 578 3676 communem
587 3645 618 3675 ex
630 3629 694 3677 coede
719 3629 776 3674 337.
792 3626 874 3674 aalide
883 3643 928 3674 nort
943 3635 996 3674 aurit
1005 3627 1062 3675 mihi
1079 3629 1130 3684 Aut,
1145 3645 1185 3677 nec
1203 3631 1256 3678 ultis

155 3693 275 3755 utriusque
297 3693 404 3754 Pompeii
422 3701 446 3742 et
467 3693 566 3741 Caesaris
585 3693 694 3754 paranda.
719 3692 828 3754 inclytum
843 3692 917 3738 titulis
931 3706 1018 3755 genus:
1033 3690 1078 3740 Sed
1095 3694 1159 3740 claro
1175 3697 1256 3754 pictus,
1354 3717 1363 3732 ι

157 3756 263 3807 Hortens.
720 3756 764 3804 &a
771 3771 900 3818 prosperum
910 3764 993 3812 auum,
1001 3764 1028 3804 ut
1037 3758 1133 3807 habetur
1143 3759 1166 3805 in
1176 3761 1256 3807 eedem

189 3825 245 3870 378.
265 3821 312 3870 Nos
330 3838 424 3885 quoque,
447 3820 504 3885 dra]
531 3823 584 3870 Nos
605 3837 695 3883 quoque
720 3822 834 3883 tragoedis
851 3837 886 3868 vs.
904 3824 960 3869 250.
976 3822 1075 3886 ucfelic
1091 3822 1162 3873 melus
1180 3823 1257 3879 Virtus

157 3887 255 3948 gloriam
266 3888 324 3934 hanc
334 3904 385 3934 curn
394 3888 484 3935 Caesare
496 3886 639 3935 dividimus:
655 3886 696 3934 ille
720 3895 819 3934 matur.
834 3885 951 3943 Adtrahit,
967 3884 1024 3952 &tr-J
1042 3885 1095 3935 illos
1114 3888 1164 3934 scil.
1182 3905 1258 3952 popu·
1324 3943 1329 3946 .

158 3953 253 4011 devicit,
268 3969 310 4000 nos
321 3952 483 4000 interfecimus.
502 3950 590 4016 Litus]
608 3953 636 3998 In
650 3967 696 4012 quo
720 3951 765 4006 los,
781 3951 833 4012 ipsa
850 3952 942 3997 fortuna
952 3950 1013 3998 ultro
1030 3953 1096 3999 nobis
1113 3954 1223 4001 conciliat
1233 3962 1258 4002 et

158 4032 232 4065 cresus
244 4025 280 4065 est
292 4018 424 4077 Pompeius,
440 4018 480 4064 ubi
485 4018 549 4077 jacet
559 4017 673 4079 sepultus.
720 4014 786 4077 quasi
806 4015 830 4061 in
845 4030 926 4062 manus
945 4017 1023 4063 tradit.
1063 4018 1144 4064 Altera
1161 4019 1258 4066 viatim

192 4085 248 4134 379.
264 4083 328 4142 Spem
339 4083 410 4130 nostri
417 4083 523 4146 accium]
541 4083 610 4144 Quod
615 4083 697 4143 jubeat
721 4080 759 4128 hio
770 4081 931 4142 obJecta,„qua
940 4087 1020 4140 gentes
1031 4083 1169 4146 adpopulos
1180 4090 1258 4132 exter·

158 4162 200 4193 nos
213 4163 306 4209 sperare
323 4147 385 4193 idem
402 4148 509 4208 possein
525 4150 625 4195 Caesare.
644 4147 697 4194 Pol·
721 4161 764 4193 nos
775 4145 899 4208 placemus.
918 4144 1035 4207 Micyllus.

159 4213 225 4269 lutor,
241 4213 298 4275 δια]
316 4212 512 4273 CaedePompeii.
754 4207 812 4259 Μ·
826 4202 914 4266 Atera,
930 4208 986 4273 dcc]
1002 4213 1087 4259 Cesar.
1185 4203 1193 4211 ’

191 4280 247 4324 389.
266 4278 336 4330 Quem
346 4278 435 4334 metuis,
451 4277 509 4340 dte]
526 4275 623 4324 Caessris
640 4276 698 4323 For·
755 4276 810 4324 386.
829 4273 947 4322 Placemus
954 4275 1123 4332 cedrenum,
1139 4273 1198 4340 dra]
1216 4273 1258 4322 lli·

159 4348 214 4388 tuus
232 4349 256 4389 et
265 4341 340 4402 glorie
349 4358 394 4388 uon
411 4345 509 4403 majores
519 4350 572 4388 suut
582 4357 650 4404 quarn
664 4342 698 4389 iu·
723 4340 784 4386 tuole
798 4339 889 4386 undrim
908 4339 1001 4400 quando
1015 4341 1094 4400 priore
1112 4339 1203 4389 litatum
1213 4355 1258 4387 uon

160 4422 198 4454 ere
215 4407 261 4453 illa
284 4406 399 4468 Pompeii.
418 4405 469 4454 Nou
488 4408 598 4469 mogiane
618 4405 697 4470 clam]
723 4405 760 4453 sit.
780 4403 1020 4466 Metuplsorscsucris·
1046 4436 1049 4443 -
1105 4451 1108 4454 Α
