2784 4860
347 348 568 430 crururs
613 359 784 437 nuum
828 354 943 429 urn·
975 359 1019 426 v.
1173 353 1238 431 eu
1283 399 1287 404 -

139 533 313 600 Succrurit
326 537 471 611 miseris,
487 535 676 618 fluctusque
691 541 841 600 evertere
856 509 1001 618 puppiin
1022 562 1024 564 ·

139 643 221 708 Non
235 645 327 710 valet
345 645 381 708 in
394 643 536 708 fluctus:
559 646 686 710 victum
699 647 789 709 latus
801 644 894 708 unda
905 644 1073 728 repellens
1105 659 1108 662 ’
1175 636 1197 673 ”

140 755 258 836 Erigit,
274 760 376 838 atque
392 756 483 818 omni
498 757 604 837 surgit
617 757 699 819 ratis
715 755 821 819 ardua
834 760 949 820 vento,
965 783 968 789 ·

141 863 223 930 Non
237 865 397 928 humilem
412 865 546 929 Sasona
561 866 671 942 vadis,
686 883 755 929 non
770 865 884 928 littora
894 884 1013 930 curvae
1171 865 1240 930 650

139 975 328 1041 Thessaliae
345 995 475 1040 saxosa
488 982 625 1059 pavent,
642 993 778 1057 oraeque
793 974 960 1055 malignos
1187 979 1194 990 '

139 1084 334 1148 Ambraciae
350 1090 489 1167 portus:
513 1087 699 1167 scopulosa
715 1082 882 1149 Ceraunia
896 1088 1011 1149 nautae

142 1193 282 1283 Summa
295 1195 423 1259 timent.
447 1193 562 1261 Credit
571 1196 645 1279 jam
659 1196 761 1278 digna
775 1195 929 1279 pericula
943 1193 1072 1260 Caesur

144 1303 238 1368 Fatis
254 1324 330 1367 esse
346 1305 429 1368 suis
444 1311 600 1370 tantusne
615 1312 775 1383 evertere,
792 1307 890 1382 dixit,
1077 1371 1079 1374 ,

144 1412 203 1477 Me
219 1413 360 1496 Superis
375 1415 473 1478 labor
487 1421 557 1481 est:
580 1436 688 1499 parva
702 1436 802 1499 quem
817 1419 933 1498 puppe
948 1416 1122 1481 sedentem
1174 1415 1240 1482 6⁵5

141 1522 228 1587 Tam
243 1543 366 1605 magno
380 1525 507 1607 petiere
522 1528 632 1590 marii
655 1527 685 1591 si
701 1526 809 1607 gloria
822 1526 882 1590 leti
1118 1531 1122 1536 ’
1186 1551 1189 1554 “

143 1631 208 1696 Est
219 1633 343 1716 pelago
359 1634 484 1720 donata
497 1637 575 1711 mei,
590 1636 757 1719 bellisque
771 1655 953 1717 negamur3
1047 1641 1051 1648 '
1199 1713 1202 1716 Α

143 1743 348 1826 Intrepidus,
365 1765 600 1828 quamcunque
616 1746 704 1810 datis
718 1745 802 1809 mihi
815 1747 963 1824 numina,
978 1753 1120 1813 mortem
1191 1773 1196 1780 ¹·

145 1852 339 1935 Accipiam.
354 1855 436 1919 licet
454 1857 606 1936 ingentes
622 1855 793 1938 abruperit
808 1861 905 1920 actus
1096 1864 1098 1868 ’

146 1964 323 2029 Festinata
338 1966 411 2029 dies
426 1966 523 2031 satist
547 1973 601 2031 sat
614 1985 737 2048 magna
752 1967 878 2048 peregi.
999 1993 1022 2000 ·’
1063 1966 1073 2037 ‚³
1177 1968 1242 2034 ffit)

145 2075 291 2139 Arctoas
307 2076 423 2139 domui
438 2081 572 2158 gentes:
596 2077 735 2141 inimica
749 2077 868 2177 subegi

145 2184 250 2249 Arma
264 2192 374 2251 metu:
397 2189 484 2251 vidit
500 2187 662 2271 Magnum
677 2187 759 2252 mihi
776 2187 889 2252 Roma
905 2189 1102 2255 secundum.

145 2293 167 2357 J
169 2314 251 2359 ussa
265 2296 365 2377 plebe
382 2297 444 2359 tuli
458 2298 571 2361 fasces
586 2318 647 2380 per
661 2299 753 2361 bella
766 2304 928 2380 negatos:
1098 2299 1108 2308 ”

258 2444 305 2488 647
315 2457 421 2502 puppem.
551 2448 600 2493 640
612 2444 684 2491 volet:
701 2442 809 2506 influctus
818 2446 860 2491 vic.
977 2466 980 2470 ’
993 2427 1041 2495 619
1053 2455 1129 2506 ponti.

182 2508 230 2554 650
242 2505 351 2562 Suruouc,
361 2505 457 2570 Seffora,
475 2506 574 2554 Suisorro.
753 2512 799 2556 661
809 2509 894 2554 timeat.
1073 2513 1121 2557 653
1132 2518 1177 2556 tum
1188 2511 1211 2557 d.

437 2575 484 2622 655
495 2588 607 2634 porroque
615 2574 647 2622 iu,
796 2575 845 2619 660
856 2575 950 2634 ut,jam.

145 2708 180 2756 nis
193 2709 401 2771 ntrinquerepulsa
417 2710 482 2757 navis
501 2727 547 2756 non
559 2711 678 2757 subsidere
704 2724 746 2756 co:
763 2725 816 2756 eum
836 2709 958 2770 gloriosius
970 2710 1040 2758 ducat
1056 2711 1080 2756 in
1102 2713 1163 2759 bello
1182 2721 1244 2763 lem

147 2781 186 2822 uut
197 2775 273 2821 everti
284 2776 368 2834 potuit.
704 2773 780 2834 perire
792 2775 923 2836 pugnando,
935 2791 1002 2834 qnam
1014 2776 1037 2822 in
1047 2777 1104 2822 muri
1115 2778 1242 2838 apiscibns

151 2865 153 2873 ν
178 2840 235 2885 648.
254 2838 306 2884 Nou
326 2840 385 2886 volet
405 2841 430 2885 iu
440 2837 550 2900 fluctus]
579 2838 680 2885 Mutavi-
704 2840 818 2885 devorari.
851 2840 920 2898 Quod
933 2840 952 2884 si
966 2847 1040 2886 tamen
1052 2841 1105 2887 Diis
1115 2841 1147 2887 ita
1156 2843 1241 2900 visum,

146 2919 196 2948 mus
206 2903 384 2959 distinctionem,
400 2903 548 2949 sensualiter
563 2919 609 2950 nou
627 2918 680 2949 con·
704 2910 731 2950 ut
744 2903 781 2948 hie
797 2903 907 2950 fluctibus
919 2905 1037 2960 obruatur,
1046 2911 1115 2952 unum
1129 2915 1243 2967 superest,

146 2973 227 3015 eunte.
239 2984 286 3028 quo
303 2969 377 3014 minus
388 2969 470 3014 fluctus
482 2968 533 3027 quis
542 2975 632 3015 evertet
640 2984 680 3013 nu·
705 2984 751 3028 quo
763 2983 788 3014 se
797 2968 943 3026 consolatur3
953 2968 1013 3015 sumu
1023 2970 1126 3027 honesta,
1135 2979 1159 3018 et
1166 2988 1244 3023 rerum

146 3047 206 3085 vem,
236 3033 328 3078 obstant
345 3035 427 3079 tluetus
449 3032 495 3077 alii.
519 3033 605 3079 Probat
621 3033 680 3078 bunc
706 3039 821 3094 gesturum
832 3033 905 3093 gloria
913 3033 1054 3082 immortalis.
1072 3034 1176 3082 Horteus.

146 3095 317 3142 distinctionem
335 3098 382 3143 Ms.
399 3098 426 3143 T.
439 3097 515 3142 Etiam
532 3098 555 3144 iu
575 3097 626 3144 aliis
643 3113 682 3144 en·
739 3100 794 3146 657.
812 3096 1065 3161 Bellisqueuegumur]
1085 3101 1168 3160 Neque
1178 3101 1244 3149 dubi·

146 3160 198 3206 dem
208 3161 343 3220 distinctio,
359 3163 399 3208 sed
417 3177 461 3221 pro
469 3160 558 3217 liumus,
574 3169 609 3208 est
617 3161 681 3222 flue·
705 3161 812 3208 turbella
822 3163 952 3218 absolvere,
963 3163 1002 3210 vel
1017 3163 1117 3226 gloriosa
1132 3170 1184 3212 curn
1196 3167 1243 3212 ric-

148 3234 203 3272 rure.
216 3225 318 3270 Grotius.
706 3226 765 3272 toris
775 3226 813 3272 vel
824 3227 919 3287 pulchra
928 3235 1010 3275 morte.

153 3331 160 3344 ,
179 3292 234 3337 650.
253 3287 306 3335 Nou
321 3288 426 3334 humilem
438 3288 611 3350 6010666666]
623 3290 682 3336 ,Non
740 3292 794 3340 659.
812 3289 877 3339 Licet
885 3293 993 3354 ingentes,
1002 3290 1059 3353 &c.]
1077 3295 1200 3353 Utcunque
1208 3295 1244 3342 vi-

147 3359 252 3401 metuunt
259 3353 458 3411 jumnesllidstur
468 3354 524 3400 rutis
535 3354 564 3398 ad
572 3354 682 3400 humilem
707 3361 737 3400 tae
749 3355 1018 3410 stsmenmihi,nondum
1029 3359 1091 3416 quod
1100 3357 1243 3406 instituerem
1288 3391 1294 3396 -

146 3417 234 3464 Sasona
250 3417 293 3463 ins.
305 3417 364 3462 inter
376 3417 472 3477 Epirum
482 3427 508 3463 et
517 3418 682 3476 Brundusium,
707 3425 831 3465 consecuto
845 3419 969 3466 inciderint
984 3420 1038 3478 fau,
1054 3437 1101 3468 nou
1116 3429 1192 3468 tumen
1207 3439 1245 3472 nro

145 3496 219 3540 neque
238 3481 316 3527 littora
332 3481 411 3528 Thess.
430 3490 469 3528 aut
485 3482 600 3528 Ambracii
618 3483 682 3530 sinus
707 3488 781 3529 totum
791 3482 815 3529 in
823 3491 896 3530 morte
907 3484 1014 3544 periisse,
1029 3501 1074 3532 non
1082 3502 1119 3533 me
1128 3488 1165 3533 bio
1176 3487 1245 3536 inuti·
1312 3542 1315 3548 ¹

145 3554 226 3604 portus
237 3547 344 3592 Leueuae
355 3547 476 3606 scopuloso
487 3546 559 3593 monti
574 3554 597 3593 et
607 3548 682 3595 nautis
706 3547 849 3603 liteinins,
858 3550 900 3594 sed
907 3549 964 3595 satis
973 3551 1010 3596 vel
1020 3557 1107 3598 naturae
1118 3552 1155 3598 vel
1165 3551 1245 3612 glorius

146 3609 268 3657 formidato
288 3612 448 3668 subjacentes:
466 3612 508 3656 sed
528 3627 556 3657 ne
576 3612 600 3658 in
620 3613 683 3659 celsa
708 3611 796 3658 risisse
813 3612 927 3673 accipient
942 3614 1039 3674 posteri.
1080 3615 1144 3663 Dido
1167 3616 1247 3680 Virgi-

146 3676 311 3721 Cerauniorum
320 3677 377 3734 juga
388 3675 523 3736 impingunt,
535 3674 683 3724 limentduc·
707 3677 775 3733 liena,
796 3674 891 3730 Viri-et
907 3692 971 3740 quem
987 3680 1077 3727 dedum
1092 3696 1183 3728 estruem
1190 3683 1245 3748 jor·

145 3738 207 3787 tibus
219 3739 242 3786 in
253 3739 324 3786 ultum
329 3739 417 3798 jactati.
708 3749 773 3796 tuno,
782 3743 869 3803 peregi,
879 3741 922 3790 &a
940 3743 1032 3791 AEneid.
1041 3749 1065 3792 4.

178 3806 234 3852 652.
252 3803 367 3850 Ceraunia
383 3811 457 3849 uentu
475 3803 566 3850 Summe
582 3805 682 3867 tierent]
741 3808 797 3854 660.
816 3805 931 3853 Festinato
942 3807 1007 3870 dies]
1024 3809 1100 3857 Nimis
1107 3817 1245 3860 maturatus

149 3866 259 3922 Diuersus,
267 3884 310 3913 eeu
320 3867 417 3914 Tmesis.
435 3866 592 3930 Ἀκροκεμυνία.
707 3870 769 3924 tatis,
780 3886 850 3931 quum
863 3873 949 3931 majora
964 3888 1041 3920 rerum
1052 3891 1124 3935 opero
1133 3878 1246 3939 patranda

179 3935 235 3980 663.
254 3931 334 3993 Digna
348 3931 555 3994 perscriberem]
573 3935 601 3980 In
617 3935 682 3994 equis
708 3935 782 3980 animo
791 3936 945 3995 conceperim.
978 3937 1084 3987 Hostem.

146 3997 222 4056 perire
234 4012 303 4057 greve
314 3997 400 4042 lethum
411 4012 453 4042 cur
465 3997 549 4056 priscis
558 3999 632 4045 visum
643 3998 683 4054 sit,
741 4002 797 4048 661.
815 3999 907 4047 Arctous
916 4002 994 4049 domiti
1002 4004 1100 4066 genua]
1110 4005 1245 4063 (ismenus,

147 4061 448 4122 videquaenosadSeueo.
461 4062 519 4122 Aga.
532 4065 632 4111 vs.500.
709 4063 819 4117 Gallicus,
844 4065 995 4114 Britannicus.
1029 4066 1124 4116 Inimico
1150 4072 1247 4135 subegi]

178 4131 234 4176 654.
253 4124 406 4186 DigrurFotis
417 4126 536 4188 mserum]
560 4126 627 4174 Tanti
637 4125 683 4173 viri
709 4129 796 4174 Eorum
812 4128 853 4189 qui
867 4131 991 4189 honoribus
1004 4133 1063 4180 meis
1077 4133 1151 4182 invidi
1165 4138 1246 4184 adver·

146 4191 214 4239 morti
225 4205 333 4249 congrua.
350 4190 433 4250 Sulpit.
709 4194 824 4249 nubuntur,
836 4194 952 4256 Pompeii,
964 4198 1077 4254 Marcelli,
1087 4198 1130 4247 &u

180 4257 236 4321 656.
254 4253 329 4301 Peroe
340 4269 404 4315 quem
414 4269 496 4315 puppe,
507 4253 564 4316 δια]
584 4254 683 4315 Compo-
741 4260 798 4308 662.
816 4258 965 4325 8666716076]
983 4262 1032 4320 Qui
1048 4264 1118 4311 modo
1133 4264 1247 4312 nerninem

146 4318 181 4367 nit
191 4318 251 4365 inter
262 4334 287 4364 se
300 4334 341 4378 per
352 4320 486 4374 antitheton,
494 4335 600 4380 magnum
612 4335 683 4375 mere,
709 4322 797 4370 ferebat
804 4338 890 4385 putem.

146 4393 170 4430 et
182 4383 278 4444 puppim
289 4398 392 4443 parrum.
425 4383 485 4432 Dein
495 4390 532 4432 est
542 4381 614 4437 πάθος
625 4385 684 4433 slo-
743 4386 882 4438 cossim
895 4389 963 4450 plebe
971 4389 1036 4452 tuli]
1059 4391 1144 4438 concta
1162 4400 1188 4441 ut
1199 4396 1247 4441 suf·
