2784 4860
356 377 579 448 CIVILIS
623 379 801 448 BELLI
845 378 955 447 LlB.
994 375 1055 443 IV.

153 554 239 622 Sunt
255 555 372 620 audita
386 554 509 619 Jubae:
532 556 632 620 laetus
649 557 741 638 quod
757 555 865 638 gloria
878 552 960 619 belli
990 624 993 635 ,

152 667 204 732 sit
218 667 320 731 rebus
337 671 471 728 servata
486 665 569 741 suis,
585 666 676 750 rapit
691 667 826 748 agmina
839 664 965 740 furtim,

147 772 391 858 'Obscuratque
407 789 504 838 suam
519 796 580 858 per
590 777 691 860 jussa
706 776 842 839 silentia
855 764 1002 854 famam3

152 884 234 949 Hoc
251 885 363 948 solum
377 889 529 948 metuens
545 885 703 950 incautus
718 885 762 949 ab
777 884 875 949 hoste
889 883 1011 948 timeri.

151 992 309 1070 Mittitur,
325 995 450 1075 exigua
465 995 524 1077 qui
539 996 663 1077 proelia
677 997 788 1080 prima
800 995 962 1072 lacessat,
1021 1075 1024 1082 Ι

150 1102 343 1186 Eliciatque
358 1124 472 1181 mauu,
488 1102 650 1169 Numidis
666 1125 688 1170 a
701 1126 778 1189 rege
795 1105 977 1181 secundus,

149 1212 198 1278 Ut
213 1215 281 1283 sibi
298 1215 665 1298 commissisimulator
681 1215 837 1280 Sabbura
851 1215 951 1280 belli:

149 1322 232 1408 Ipse
249 1345 336 1391 cava
350 1327 444 1407 regni
459 1326 549 1409 vires
559 1327 600 1389 'in
614 1327 703 1391 valle
718 1331 880 1392 retentat:
949 1332 964 1357 ’-

148 1434 303 1518 Aspidas
317 1441 360 1500 ut·
370 1435 516 1500 Pharias
532 1436 642 1500 cauda
657 1438 812 1508 solertior
826 1437 935 1503 hostis

148 1544 264 1623 Ludit,
280 1552 314 1611 et
328 1547 433 1611 iratas
448 1547 758 1631 incertaprovocat
771 1549 911 1613 umbra:

148 1655 408 1740 Obliquansque
424 1665 529 1740 caput
542 1677 649 1722 vanas
665 1660 832 1742 serpentis
846 1660 882 1748 in
898 1638 998 1723 auras

147 1764 276 1830 Effusae
292 1772 365 1831 toto
381 1766 593 1850 comprendit
607 1761 740 1850 guttura
754 1788 870 1856 morsu
891 1794 893 1802 ’
989 1847 992 1852 .

147 1874 331 1940 Letiferam
346 1877 431 1941 citra
446 1879 595 1942 saniem:
619 1883 698 1942 tunc
713 1879 807 1944 irrita
820 1876 929 1964 pestis

147 1981 367 2068 Exprimitur,
383 1986 570 2070 faucesque
585 1987 694 2052 fluunt
707 1972 868 2071 per‘eunte
882 2006 1026 2072 veneno.
1161 2068 1165 2074 .

187 2094 380 2160 Fraudibus
397 2103 554 2171 eventum
570 2097 709 2162 dederat
724 2097 878 2165 fortuna:
901 2099 1081 2183 feroxque·
1180 2090 1246 2156 730

148 2203 229 2270 Non
244 2209 432 2291 exploratis
448 2209 575 2272 occulti
589 2209 719 2273 viribus
734 2208 854 2288 hostia,

148 2314 250 2381 Curio
266 2324 466 2383 nocturnum
483 2319 604 2383 castris
619 2339 794 2403 erumpere
810 2321 913 2404 cogit,

298 2469 372 2518 ,716
390 2465 462 2512 rebus.
559 2469 609 2516 717
625 2443 809 2516 Sitasnlabelll.
905 2471 954 2518 719
969 2467 1067 2516 incauta.
1182 2521 1184 2526 ,

208 2531 259 2577 726
277 2528 447 2591 obliquumque,
460 2529 619 2594 Obliquusque.
737 2535 806 2597 ,⁷26
821 2534 902 2581 nanas.
963 2553 966 2558 ’
1031 2533 1081 2582 727
1097 2525 1180 2592 Effeci.

177 2655 235 2703 716.
258 2653 333 2700 Latus
348 2656 405 2715 qnod
419 2655 492 2718 gloria
513 2655 583 2717 nlla]
605 2657 684 2702 Laetus
709 2662 756 2703 tem
770 2656 832 2705 ictus
848 2657 926 2704 irritos
943 2671 1037 2704 aversus
1053 2653 1150 2713 excipit,
1169 2651 1245 2698 donea

146 2716 189 2764 luit
205 2719 325 2766 victoriam
343 2721 372 2767 de
389 2720 490 2766 Curione
507 2720 553 2766 sibi
570 2727 684 2769 servatam
709 2722 803 2782 obliquo
816 2723 892 2784 capite
907 2723 1038 2782 speculatus
1051 2720 1145 2765 invadat
1159 2715 1246 2785 inlau-

146 2797 204 2828 οῦκ.
399 2782 403 2791 “
498 2784 500 2787 ’
708 2801 748 2832 ces
766 2785 854 2848 aspidis
873 2787 938 2834 virus
953 2784 1099 2837 effundentis,
1119 2781 1160 2827 sed
1187 2779 1246 2825 citra

174 2850 233 2894 717.
258 2845 328 2906 Rapit
348 2848 440 2910 agmina
453 2846 563 2911 fartim]
588 2848 683 2910 ttaptim
707 2864 794 2896 noxam
808 2851 890 2896 hostis.
923 2851 983 2897 Plin.
996 2850 1038 2896 lib.
1057 2852 1079 2896 8.
1097 2861 1148 2906 cap.
1165 2847 1204 2891 24.
1220 2849 1246 2890 et

146 2910 256 2958 collectas
268 2912 347 2971 copias
363 2913 428 2959 ducit
444 2913 581 2968 clanculum,
599 2927 629 2960 ne
642 2913 682 2958 ad·
708 2913 858 2961 Nicanderin
868 2913 994 2960 Theriacis.

145 2981 226 3021 ventus
242 2975 278 3022 sui
295 2977 355 3023 lama
368 2977 398 3023 ad
408 2977 532 3024 (lurionem
544 2969 683 3040 perveniret,
739 2977 756 3022 7
757 2979 796 3027 26.
816 2975 889 3024 Vanae
899 2978 1005 3035 sapentia
1019 2979 1046 3021 ia
1059 2988 1126 3019 auras
1138 2969 1244 3035 Effusa]

144 3053 235 3087 cavens.
707 3037 1077 3088 Exilientisinuurbramcaudae.
1095 3036 1179 3096 »Salpia

173 3104 231 3152 719.
251 3103 379 3152 Hortalum
392 3105 566 3169 munerandae]
591 3106 682 3167 impro·
739 3107 795 3155 728.
813 3101 1032 3165 Irritapestis,&o.]
1049 3102 1120 3149 Virus
1130 3101 1244 3151 ineam!

144 3167 208 3223 risus
221 3171 339 3226 hactenus,
357 3171 402 3217 hoc
418 3172 492 3218 solum
510 3171 607 3218 timebat
623 3187 653 3217 ne
667 3188 682 3217 ι
706 3169 838 3215 effunditur.
878 3216 881 3221 ,

143 3232 242 3283 Curione
253 3234 381 3292 timeretur,
392 3235 504 3296 atqueita
513 3236 588 3298 praelii
605 3243 630 3282 et
646 3236 684 3281 reiv
738 3236 794 3282 ⁷30.
812 3232 942 3282 Fraudibus
957 3241 1067 3290 eventum,
1082 3230 1140 3294 dant]
1163 3230 1246 3286 Curio,

144 3300 250 3357 gerendae
261 3314 306 3344 non
316 3300 409 3346 daretur
419 3300 519 3347 occasio.
706 3314 736 3344 ex
750 3298 855 3359 perfugis
872 3299 1008 3359 quibasdam
1023 3295 1145 3360 oppidanis
1161 3295 1242 3342 andito

144 3395 149 3404 .
173 3365 232 3411 720.
251 3361 363 3420 Mittitur,
372 3363 430 3425 δια]
447 3365 527 3422 Curio,
537 3372 633 3425 eccepto
643 3380 679 3410 re·
705 3363 816 3408 Suburam
828 3364 909 3410 adesse
926 3370 1014 3410 tantum
1029 3377 1082 3409 cum
1096 3360 1188 3409 levibus
1202 3369 1243 3408 od·

143 3426 177 3486 gis
188 3428 298 3482 adventu,
310 3443 336 3474 se
345 3428 369 3473 in
382 3429 519 3476 Corneliana
529 3439 603 3474 casua
614 3443 679 3473 reee-
704 3425 759 3484 piis,
770 3442 849 3487 regem
859 3427 923 3474 domi
936 3427 1066 3484 restitisse3
1080 3425 1243 3474 adolescentiae

141 3491 346 3552 rentpraeminit
360 3509 403 3539 rex
418 3496 528 3539 Suburam
545 3493 679 3552 praelectum
703 3490 803 3547 fervore,
827 3492 984 3552 magnitudine
1009 3492 1089 3545 animi,
1116 3490 1243 3551 superioris

141 3557 200 3615 ejus,
212 3562 266 3616 aum
275 3556 355 3614 parvis
370 3557 451 3618 copiis,
468 3557 509 3616 qai
523 3563 548 3602 et
564 3569 678 3600 rumorem
704 3555 816 3614 temporis
825 3556 1037 3617 proventn,iiducia
1046 3555 1081 3602 rei
1093 3555 1151 3601 bena
1160 3570 1243 3616 geren·

141 3626 260 3681 spargeret
269 3619 432 3678 ipsumJubarn
441 3617 678 3666 revocatamfinitimo
704 3618 748 3674 dac,
757 3635 826 3680 supra
834 3621 910 3667 omnia
920 3623 967 3667 tato
978 3620 1055 3666 civilis
1065 3620 1094 3667 ab
1105 3634 1133 3665 ao
1145 3620 1243 3668 excitati

140 3683 202 3731 bello
212 3691 237 3731 et
247 3683 412 3730 controversiis
424 3684 600 3742 Leptitanorum
610 3681 678 3728 resti·
704 3678 861 3744 commotique
876 3685 933 3731 helii
950 3699 1031 3746 poenas
1042 3689 1162 3745 poscente,
1176 3685 1242 3746 eqni·

141 3749 240 3800 ursata
259 3762 338 3806 regno.
364 3747 476 3807 simulque
503 3749 677 3794 subtractume
704 3753 776 3794 tatum
791 3749 1240 3811 omnemprimauootaadoastralroa-

141 3811 222 3860 castris
233 3811 391 3858 Curionemin
401 3812 508 3871 proeliurn
520 3812 621 3858 eliceret.
703 3811 760 3858 liunt
772 3813 851 3868 mittit,
861 3814 900 3873 qui
918 3829 1042 3876 oppressos
1059 3828 1139 3860 somno
1154 3821 1179 3860 et
1193 3813 1242 3862 dis·

145 3914 147 3918 .
172 3879 229 3925 723.
247 3875 298 3936 Ipse
316 3890 371 3931 aava
386 3877 459 3938 regni,
478 3874 534 3937 δια]
556 3879 609 3924 Rex
625 3891 676 3922 curn
703 3891 784 3935 persas
796 3877 884 3934 hostes,
898 3880 926 3924 ad
938 3877 1175 3939 magnnm'namerarn
1185 3893 1241 3925 can·

141 3941 247 3989 omuibus
267 3939 343 4000 copiis
358 3939 530 4000 insequebatur,
545 3948 569 3988 et
587 3955 630 3986 sex
641 3942 675 3987 Μ.
702 3941 764 3988 lecit.
792 3941 903 3988 Eaentam
916 3942 1026 4004 dederat]
1054 3943 1157 3989 Fortuna
1174 3943 1242 3990 dedit

140 4004 459 4068 pasaintervelloasabura
469 4007 633 4067 consederat.-
703 4006 1110 4070 sucaessumdolisregis.·H'ortena
1160 4041 1162 4045 <
1240 4044 1243 4049 .

146 4116 149 4122 ,
171 4073 229 4119 724.
247 4068 568 4130 ΔψὶἀωτιῐΡὴαήω,ὅιο.]
594 4071 677 4128 Neque
734 4071 790 4118 731.
809 4070 1092 4135 decantationem]
1120 4070 1240 4133 Regiain·

113 4139 116 4144 '
140 4134 208 4187 aliter
218 4134 342 4182 Curionem
358 4133 444 4182 delusit
453 4136 523 4191 duba,
533 4149 609 4196 quam·
618 4135 677 4180 solet
703 4134 777 4191 sidiis,
788 4137 897 4182 modoad
908 4153 944 4185 rs.
955 4139 1011 4184 720.

139 4199 252 4262 aspidem
260 4199 550 4261 AEpyptiamlohnemnon,
561 4213 629 4260 quarn
638 4199 678 4245 he·
735 4203 791 4247 732.
805 4201 874 4248 Cario
884 4199 1091 4263 mendacemiam]
1103 4199 1175 4249 Gurio
1185 4215 1239 4253 auu

138 4256 212 4311 betes'
224 4264 346 4310 habentem
366 4264 453 4320 oculos,
473 4279 563 4326 ⁴<eosque
585 4278 630 4309 non
653 4263 677 4309 in
702 4265 807 4312 omnibus
816 4265 890 4328 copiis
900 4275 981 4328 quarta
990 4266 1070 4328 vigilia
1080 4263 1239 4325 exiteqnitu

138 4329 213 4385 (rante
224 4329 267 4375 sed
276 4326 460 4391 intemporibus,
471 4329 612 4376 ichneumon
623 4343 677 4374 cau-
703 4344 756 4376 suos
766 4331 889 4377 redeuntes
897 4332 1035 4389 convenite
1046 4329 1146 4390 captivis
1156 4327 1240 4388 querit

138 4392 175 4444 de
186 4407 234 4449 nn
249 4393 330 4445 umbra
347 4400 468 4456 provocat,
479 4393 620 4458 attollentem
636 4407 677 4438 au·
702 4393 755 4455 quis
765 4395 848 4444 carnis
858 4395 947 4458 praesit,
956 4396 1097 4457 respondeat
1104 4392 1220 4450 Saltim.
1234 4428 1237 4433 -

611 4458 676 4532 ab
