2784 4860
141 346 278 426 primore,
301 351 486 425 streperet,
501 346 658 424 potuisset.
701 343 761 404 Sed
775 343 825 403 ille
836 362 892 424 per
904 341 1018 402 obsessi
1031 341 1160 406 claustra
1173 361 1244 422 por·

140 460 189 512 tus
210 457 356 510 nocturna
377 449 449 528 suga
469 451 572 510 evasit.
612 450 714 528 Turpe
728 447 822 508 dictu.
844 447 935 508 modo
950 446 1090 526 princeps
1113 451 1243 525 patrum,
1278 473 1289 495 s

140 555 224 634 pacis
239 555 370 633 bellique
395 554 570 626 moderator,
586 575 640 634 per
658 555 868 634 triumphatum
889 573 907 613 a
929 575 960 614 se
976 573 1057 615 mare
1072 554 1200 614 lacerata
1211 561 1245 612 et

141 681 227 740 paene
242 661 344 719 inermi
365 680 439 718 nave
456 660 599 737 fugiebat.
641 661 706 719 Nec
725 661 883 738 Pompeius
902 659 941 719 ab
960 659 1055 730 ltalia,
1081 678 1171 738 quam
1193 677 1242 717 se.
1295 651 1298 658 ’

140 773 230 824 uatus
244 765 283 824 ab
297 765 369 824 urbe
384 765 502 842 fugatur
520 765 617 842 prior:
642 785 729 844 quam
743 784 828 842 paene
843 783 964 824 vacuam
980 773 1067 834 metu,
1088 764 1189 823 Caesar
1201 762 1245 821 in·

142 888 271 947 gressus,
293 869 443 928 consulem
459 889 490 929 se
505 869 568 948 ipse
584 869 664 929 facit.
706 870 851 928 AErarium
872 873 993 946 quoque
1008 875 1152 939 sanctum,
1172 864 1244 946 quia

89 1002 92 1012 ¹
142 975 254 1034 tardius
274 974 449 1052 aperiebant
474 975 612 1046 Tribuni,
637 974 730 1053 jussit
758 973 894 1052 effringi;
927 993 1106 1052 censumque
1134 978 1176 1032 et'
1193 991 1245 1050 pa·

57 1100 58 1104 ’
141 1080 312 1140 trimonium
339 1081 442 1159 populi
464 1081 592 1140 Romani
619 1093 686 1139 ante
712 1079 810 1157 rapuit
834 1096 927 1157 quam
944 1078 1109 1156 imperium.
1151 1080 1243 1141 Pulso

141 1182 304 1262 fugatoque
334 1185 498 1263 Pompeio,
515 1186 617 1245 maluit
653 1184 734 1263 prius
767 1183 903 1243 ordinare
940 1183 1118 1261 provincias,
1152 1205 1242 1262 quam

140 1278 237 1366 ipsum
265 1288 359 1366 sequi.
402 1289 529 1348 Siciliam
558 1298 589 1348 et
616 1290 778 1349 Sardiniam
803 1309 944 1348 annonae
958 1289 1090 1368 pignora,
1121 1310 1176 1369 per
1199 1291 1242 1352 le'·

141 1400 226 1470 gatos
251 1393 363 1451 habuit.
406 1393 488 1450 Nihil
507 1394 613 1453 hostile
637 1403 700 1454 erat
719 1395 749 1452 in
775 1393 883 1452 Gallia.
904 1413 1007 1470 pacem
1030 1394 1094 1472 ipse
1117 1394 1242 1459 feceratl

143 1496 201 1556 Sed
213 1485 251 1555 ad
263 1497 474 1574 Hispanienses
481 1498 614 1575 Pompeii
625 1497 768 1557 exercitus
780 1496 941 1556 transeunti
952 1516 1005 1574 per
1016 1517 1079 1556 eam
1091 1497 1170 1571 duci,
1176 1520 1246 1580 por.

143 1608 188 1661 tas
203 1603 340 1661 claudere
362 1622 433 1662 ausa
454 1581 592 1662 Massilia
606 1611 661 1662 est.
702 1603 822 1673 Misera,
842 1602 914 1660 dum
932 1603 1015 1680 cupit
1036 1622 1150 1680 pacem,
1172 1584 1244 1666 belli

142 1713 222 1766 uretu
238 1708 269 1766 in
293 1709 402 1767 bellum
422 1709 544 1768 incidit:
567 1709 618 1768 sed
633 1707 703 1786 quia
724 1707 795 1766 tutis
815 1707 903 1766 muris
920 1715 993 1779 erat,
1009 1708 1165 1769 vinoleam
1185 1712 1244 1772 sibi

140 1813 231 1888 jussit
244 1813 366 1872 absenti.
409 1816 549 1875 Graecula
563 1815 676 1885 civitas,
692 1832 751 1871 non
773 1831 827 1891 pro
848 1811 971 1871 mollitia
990 1812 1124 1886 nominis,
1140 1823 1171 1874 et
1186 1817 1245 1876 val-
1314 1831 1317 1839 ’

141 1917 203 1976 lum
223 1918 348 1989 caedere,
374 1928 404 1979 et
423 1920 579 1980 incendere
601 1918 748 1979 machinas
773 1939 853 1989 ausa,
879 1927 910 1977 et
927 1918 1072 1998 'congredi
1097 1921 1241 1983 navibus:

144 2022 201 2082 sed
212 2025 333 2095 Brutus,
349 2026 396 2083 eui
414 2025 581 2085 mandatum
596 2034 657 2085 erat
672 2025 790 2094 bellurn,
807 2025 901 2084 victos
925 2032 1012 2083 terra>
1025 2025 1155 2102 marique
1179 2045 1244 2104 per-

141 2127 272 2189 domuit:
296 2149 366 2188 mox
383 2129 564 2190 dedentibus
588 2150 651 2190 sese
664 2129 763 2188 ablata
782 2129 881 2188 omnia
896 2137 1004 2207 praeter
1024 2133 1124 2206 (quam
1139 2131 1241 2208 potiot.

142 2255 204 2294 rem
215 2234 351 2293 omnibus
367 2234 528 2308 habebant)
540 2235 716 2294 libertatem.
758 2237 880 2313 Auceps
895 2237 1078 2312 variumque,
1091 2244 1122 2295 et
1135 2242 1244 2297 crueu.

143 2349 207 2399 tum
219 2340 257 2399 ‘in
279 2338 424 2418 Hispania
439 2341 548 2400 bellum
563 2361 630 2400 cum
646 2340 748 2418 legatis
769 2343 827 2404 Cn.¹
837 2341 971 2419 Pompeii
988 2341 1102 2400 Petreio
1116 2350 1147 2402 et
1158 2343 1244 2403 Afra·

142 2446 211 2515 nio;
234 2448 310 2523 quos
326 2445 429 2505 llerdae
440 2455 537 2506 castra
551 2448 703 2520 babentes,
717 2448 797 2528 apud
820 2447 946 2527 Sicorim
966 2467 1082 2506 amnem
1096 2448 1243 2525 obsidere,

143 2559 174 2611 et
202 2552 315 2631 oppido
343 2553 538 2614 intercludere
563 2554 740 2632 aggreditur.
782 2552 914 2612 Interim
934 2552 1134 2613 ubundatione
1162 2556 1244 2614 verni

143 2655 283 2732 fluminis,
311 2658 525 2718 commeatibus
550 2657 786 2737 prohibebere
813 2657 890 2716 fame
915 2666 1012 2716 eastra
1031 2664 1143 2717 tentata
1155 2636 1246 2729 ξηαπ

144 2762 340 2840 obsessorque
364 2763 426 2840 ipse
452 2764 535 2842 quasi
562 2763 778 2824 obsidebatur:
808 2762 859 2821 sed
884 2761 936 2821 ubi
963 2781 1022 2839 pax
1048 2760 1175 2822 fluminis
1197 2784 1244 2824 re.
1331 2804 1335 2811 .

69 2940 79 2948 g
144 2865 226 2936 diit;
255 2867 497 2944 populationibus
526 2880 555 2928 et
585 2887 684 2945 pugna
712 2886 833 2944 campos
863 2866 1000 2944 aperuit;
1031 2865 1136 2925 iterum
1160 2866 1245 2929 seror

143 2971 252 3041 instat;
276 2979 306 3029 et
331 2970 470 3032 cedentes
497 2973 535 3032 ad
559 2972 955 3042 Celtiberiamconsecutus,
978 2989 1084 3049 aggere
1102 2980 1133 3030 et
1155 2974 1249 3044 vallo,

143 3085 173 3136 et
202 3095 257 3154 per
283 3075 348 3134 baec
375 3075 423 3134 siti
447 3076 484 3134 ad
512 3075 694 3135 deditionem
723 3077 878 3153 compulit.
920 3075 969 3135 Sic
999 3075 1118 3135 citerior
1138 3077 1247 3156 Hispa·

139 3181 188 3240 nia
206 3188 327 3258 recepta
345 3170 401 3250 est,
418 3200 475 3240 nec
499 3181 621 3240 ulterior
635 3199 744 3239 moram
760 3180 840 3240 fecit.
883 3177 965 3247 Quid
988 3179 1067 3238 enim
1093 3199 1150 3240 una
1170 3190 1240 3259 post

143 3286 275 3366 quinque
289 3286 442 3362 legionesi
462 3288 569 3363 ltaque
584 3285 799 3345 ultro'cedente
813 3287 956 3358 Varrone,
978 3285 1089 3356 Gades,
1113 3287 1247 3360 Fretum,

144 3394 291 3462 Oceanus,
302 3391 398 3450 omnia
408 3390 578 3450 felicitatem
585 3392 710 3450 cessaris
720 3391 929 3468 sequebantur,
951 3391 1075 3468 Aliquid
1084 3399 1182 3451 tamen
1192 3394 1246 3453 ad-

142 3513 242 3558 versus
256 3497 407 3556 absentem
423 3497 531 3556 ducem
541 3516 611 3555 ausa
620 3495 739 3554 sortuna
747 3504 793 3555 est
807 3496 886 3555 circa
894 3495 1049 3573 Illyricum
1059 3504 1091 3556 et
1101 3496 1244 3570 Africam,

144 3589 228 3682 quasi
250 3601 289 3660 de
310 3601 453 3661 industria
477 3620 619 3681 prospera
646 3599 711 3676 ejus
736 3589 865 3661 adversis
887 3600 1080 3662 radiarentur.
1122 3603 1246 3682 Quippe

143 3727 211 3768 cum
225 3706 325 3766 lauces
339 3705 484 3766 Adriatici
498 3705 583 3764 maris
599 3705 678 3783 jussi
697 3724 844 3784 occupare
859 3705 1015 3766 Dolabella
1038 3716 1069 3765 et
1085 3708 1247 3790 Antonius,¹

141 3813 192 3872 ille
206 3811 338 3890 Illyrico,
352 3810 400 3869 bic
416 3813 578 3890 Corcyreo·
587 3811 685 3870 littore
697 3818 795 3870 castra
809 3810 987 3888 posuissent,
1004 3810 1067 3886 jam
1083 3813 1173 3872 maria
1180 3814 1245 3874 late

76 3957 81 3964 ,
141 3907 261 3976 tenente
276 3914 428 3992 Pompeio,
443 3924 564 3992 repente
578 3923 675 3975 castra
685 3916 798 3993 legatus
810 3917 876 3993 ejus
888 3916 1042 3989 Octavius,
1063 3924 1094 3976 et
1108 3918 1184 3978 Libo
1203 3920 1246 3978 in'-

143 4021 280 4100 gentibus
308 4019 400 4097 copiis
429 4020 617 4081 classicorum
642 4021 791 4098 utrimque
816 4021 1030 4083 circumvenit:
1063 4023 1247 4084 deditionem

142 4126 235 4184 fames
249 4122 373 4184 extorsit
383 4124 536 4184 Antonio.
552 4185 553 4188 ,
566 4125 671 4186 Missae
686 4145 805 4204 quoque
819 4144 838 4184 a
851 4125 961 4185 Basillo
975 4127 1005 4184 in
1018 4127 1168 4189 auxilium:
1179 4129 1250 4205 ejus

24 4270 37 4287 .
142 4235 230 4303 rates,
252 4230 354 4309 quales
365 4228 464 4307 inopia
476 4230 593 4296 navium
605 4231 727 4304 iecerat,
740 4247 818 4292 nova
831 4233 1076 4310 Pompeianorum
1092 4243 1154 4294 arte
1174 4236 1245 4294 Cili·

93 4383 100 4390 .
145 4359 212 4401 cum
221 4338 296 4400 actis
307 4336 448 4401 submari
454 4336 586 4411 fiinibus,
598 4338 793 4420 captae'quasi-
803 4357 858 4417 per
869 4339 1048 4420 indaginem.
1059 4340 1133 4401 duas
1147 4349 1244 4404 tamen
