2784 4860
325 363 552 436 etv-ms
595 364 777 437 BELLI
822 365 933 437 ΜΒ.
970 366 1058 436 VII.
1180 368 1249 438 886

142 543 285 628 Impulit
300 547 464 619 amentes,
481 539 623 624 aurique
639 541 799 625 cupidine
815 561 931 607 caecos

141 655 196 720 Ire
219 675 321 738 super
343 653 489 735 gladios,
506 671 677 734 supraque
692 651 862 716 cadavera
875 657 1021 735 patrum,

141 765 186 830 Et
205 785 318 830 caesos
335 765 471 828 calcare
494 763 612 827 duces.
635 782 713 844 quae
728 761 836 838 fossa,
859 763 938 851 quis
952 782 1055 847 agger

140 877 315 942 Sustineat
329 876 475 959 pretium
497 873 590 950 belli,
608 873 841 956 scelerumque
863 877 1041 957 petentest
1182 877 1249 944 700

140 987 237 1053 Scire
251 988 381 1063 volunt,
400 990 529 1069 quanta
543 985 667 1049 fuerint
680 986 836 1049 mercede
857 990 1043 1052 nocentes>

184 1099 348 1164 Invenere
364 1097 503 1181 quidem
519 1096 668 1179 spoliato
686 1095 834 1179 plurima
847 1092 986 1175 mundo,
1041 1115 1043 1119 ·

140 1210 314 1274 Bellorum
329 1211 364 1273 in
380 1213 536 1293 sumptus
552 1212 724 1290 congestae
740 1207 893 1290 pondera
906 1227 1055 1274 massar

140 1320 210 1385 Sed
224 1342 294 1386 non
308 1321 492 1403 implerunt
506 1319 684 1402 cupientes
699 1318 814 1382 omnia
827 1324 969 1384 mentes.

141 1431 316 1516 Quicquid
328 1433 415 1497 fodit
430 1432 521 1508 Iber,
539 1429 703 1514 quicquid
718 1429 834 1511 Tagus
849 1430 983 1515 expulit
997 1431 1083 1509 auri,
1180 1433 1248 1499 755
1329 1513 1331 1516 Α

143 1542 315 1627 Quodque
331 1544 413 1626 legit
427 1545 524 1609 dives
540 1543 681 1633 summis
693 1539 897 1624 Arimaspus
912 1540 1036 1620 arenis,

141 1653 192 1719 Ut
204 1657 351 1739 rapiant,
366 1676 473 1739 parvo
494 1655 608 1720 scelus
629 1653 695 1718 hoc
714 1653 851 1718 venisse
866 1654 1046 1737 putabunt,

140 1763 228 1830 Cum
244 1768 310 1830 sibi
332 1768 499 1851 Tarpeias
514 1767 624 1834 victor
639 1763 858 1846 desponderit
871 1783 987 1830 arces:
1071 1797 1074 1806 ·

139 1875 227 1943 Cum
243 1900 305 1961 spe
322 1878 490 1943 Romanae
507 1875 699 1961 promiserit
714 1873 832 1938 omnia*
843 1873 991 1956 praedae:
1301 1963 1303 1971 .

139 1987 331 2072 Decipitur,
349 1992 442 2073 quod
454 1995 571 2055 castra
586 1988 686 2074 rapit.
711 1985 806 2068 capit
819 1986 926 2069 impia
940 1986 1060 2069 plebes
1171 1989 1249 2056 700

141 2097 280 2182 Cespite
296 2101 442 2183 patricio
457 2119 615 2164 somnos:
637 2118 853 2182 vacuumque
868 2098 981 2162 cubile

144 2297 276 2344 asseras.
327 2298 442 2344 russea.
492 2298 540 2344 ⁷51
553 2304 633 2342 aaut.
684 2297 849 2357 rearmpour.
906 2265 1248 2360 assaratrt‚nprart,apar.

251 2363 299 2409 756
319 2362 383 2415 Quod
395 2362 437 2425 leg.
601 2362 650 2410 757
659 2361 778 2420 putabant.
941 2364 991 2410 758
1002 2363 1145 2423 disponderit.

142 2430 191 2478 760
201 2429 264 2489 petit.
276 2428 336 2487 rupit
347 2428 428 2472 omniu.
443 2426 519 2486 rapit:
536 2427 596 2486 capit
607 2424 694 2486 irfima.
780 2427 827 2474 761
839 2441 946 2474 romaum.
1045 2429 1093 2474 761
1102 2435 1248 2494 mntmpoe.

143 2616 195 2665 quae
206 2603 231 2649 in
242 2602 324 2649 castris
334 2609 377 2658 est,
393 2618 489 2665 quaeque
500 2601 567 2649 vobis
578 2600 683 2648 victorias
709 2617 778 2662 supra
792 2617 829 2649 vs.
841 2604 897 2649 740.
932 2603 978 2650 Sed
1000 2619 1080 2652 aurum
1096 2606 1140 2652 hoe
1160 2606 1248 2668 Hispa-

137 2671 191 2729 jnre
212 2669 318 2715 debetur.
346 2667 396 2714 Nec
414 2667 482 2730 plura
501 2665 607 2728 locutus]
635 2665 682 2712 Hie
708 2682 762 2713 num
778 2667 1056 2729 incastrisrsptumnon
1075 2670 1249 2718 suffieitmiliti-

142 2748 234 2793 quoque
245 2734 309 2793 prior
321 2732 394 2780 editio
403 2732 491 2786 habuit,
502 2732 533 2778 sie
540 2732 681 2793 militejusso,
708 2732 752 2777 bus
770 2731 906 2778 Caesarianis
922 2733 999 2780 omnia
1015 2733 1161 2794 cupientibus
1172 2742 1197 2784 et
1212 2736 1250 2798 ip-

140 2798 202 2859 qnod
214 2798 363 2857 manuscripti
375 2804 495 2843 testantur.
514 2794 615 2842 Grotius
690 2811 757 2842 sam
777 2799 873 2844 Romam
893 2796 939 2843 sibi
957 2798 1112 2859 diripiendam
1130 2816 1162 2847 ex
1182 2801 1249 2849 ducis

174 2865 231 2909 748.
249 2861 287 2908 Ire
301 2877 365 2922 super
374 2861 481 2925 gladios]
497 2859 592 2906 Nullam
602 2859 682 2922 impie·
706 2861 821 2920 promisso
834 2861 987 2922 sperantibus.
1044 2875 1050 2882 '

140 2934 212 2974 tatem
224 2934 333 2973 verentur
343 2934 486 2987 perpetrare,
498 2925 683 2986 auriscproedre
740 2927 797 2974 755.
816 2924 885 2991 lieu]
912 2927 1040 2988 Hispanus.
1058 2927 1173 2989 Hispania
1193 2929 1248 2978 olim

143 2992 192 3040 siti.
211 2991 315 3038 Hortaris.
707 2989 804 3038 celebris
825 2999 875 3038 erat
890 2992 978 3040 fodinis
994 2993 1056 3048 auri,
1070 2995 1168 3053 argenti,
1184 2995 1248 3043 tari.

174 3060 231 3104 749.
251 3057 306 3110 Qua
315 3055 387 3117 jessa,
401 3055 459 3117 δια]
477 3054 611 3116 Eeplronesi
627 3071 682 3119 eon·
709 3053 784 3118 Tagus
795 3056 880 3117 expulit
890 3057 963 3120 auri]
984 3058 1108 3105 [lusitaniae
1119 3056 1174 3108 ilar.
1185 3061 1251 3108 auri-

141 3122 216 3168 cludit
226 3122 313 3167 rabiem
322 3120 480 3168 invadentium
493 3127 576 3167 castra.
589 3117 656 3167 Hert.
699 3119 885 3183 jarrtpabeara
899 3119 964 3186 Tagi.
988 3123 1058 3170 Orid.
1072 3127 1110 3174 15.
1127 3124 1211 3173 ellib.
1224 3129 1248 3173 1.

176 3189 232 3235 757.
260 3185 369 3232 Invenere
387 3185 477 3248 quidun
498 3184 596 3245 polluto,
624 3183 681 3248 dre]
707 3185 786 3232 Amor.

142 3251 224 3311 Captis
244 3251 336 3305 castris,
359 3246 484 3308 luxuriam,
502 3248 606 3296 vietoriae
626 3248 682 3296 fidu·
740 3253 796 3299 756.
813 3250 944 3313 Arimaspus
963 3253 1056 3316 armis]
1074 3253 1174 3313 Scythiae
1192 3269 1250 3316 gens

141 3316 211 3372 ciam,
227 3323 251 3362 et
261 3317 386 3363 vanitatem
398 3316 592 3375 Pompeianorum
604 3314 683 3361 videre
707 3316 814 3369 unocula,
835 3317 919 3363 accolae
938 3318 1003 3364 duvii
1025 3317 1170 3378 cognominis
1188 3319 1250 3366 suri-

140 3380 217 3436 licnit,
235 3381 380 3427 offenderunt
400 3381 460 3426 enim
480 3379 581 3427 triclinia
603 3386 683 3436 strata,
708 3379 757 3434 uui,
774 3387 799 3428 et
816 3380 863 3442 ipsi
882 3397 1030 3433 comessura
1045 3383 1069 3428 in
1086 3383 1171 3430 nodum
1183 3383 1250 3432 colli·

141 3461 250 3507 magnum
269 3445 358 3507 argenti
380 3446 471 3507 pondus
491 3444 633 3504 expositum,
651 3452 684 3491 ta·
708 3445 771 3503 gali:
788 3452 815 3494 ut
833 3446 873 3506 qui
890 3462 969 3494 aurum
987 3465 1019 3497 οι
1034 3447 1111 3495 menia
1130 3447 1249 3510 colligant·

142 3510 267 3558 bernaeula
278 3518 353 3570 myrto
365 3516 389 3555 et
407 3510 492 3556 hedera
503 3516 620 3564 coronata,
637 3507 681 3556 &e
709 3508 840 3571 Ariaspe
849 3511 944 3574 areum]
962 3513 1012 3559 Lib.
1022 3516 1045 3560 3.
1058 3528 1094 3559 vs.
1104 3515 1160 3561 281.

141 3575 207 3622 Plut.
229 3576 311 3635 Pomp.
324 3584 348 3622 et
367 3574 427 3621 Cres.
448 3581 569 3621 comment.
583 3576 606 3621 3.
631 3573 683 3635 Spo-
741 3578 797 3624 757.
818 3575 850 3622 Ut
859 3577 959 3637 rapiant,
972 3592 1051 3640 parvo,
1061 3575 1118 3639 tra]
1135 3578 1248 3636 Quamvis

141 3640 309 3702 liutwardo]
329 3639 399 3697 Quod
408 3639 464 3687 illae
476 3655 554 3686 omnes
563 3653 637 3699 prope
648 3647 684 3686 to·
709 3640 758 3685 haec
775 3640 850 3687 omnia
866 3641 965 3702 rapiant,
981 3644 1095 3702 putabunt
1110 3651 1187 3692 umen
1196 3644 1243 3695 tat

140 3704 189 3752 tius
205 3705 268 3751 Asiae
286 3707 425 3766 populorum
442 3718 499 3765 opes
516 3705 684 3764 propemodum
709 3721 755 3751 non
767 3707 908 3768 respondere
921 3707 1009 3756 meritis
1029 3707 1085 3755 belli
1100 3708 1179 3757 civilis

142 3778 261 3830 congestae
281 3777 376 3828 essent;
393 3785 449 3829 quas
469 3769 508 3816 hio
524 3776 594 3816 vocat
608 3769 685 3830 spolia
710 3769 776 3831 gesti.
1143 3798 1169 3811 .‚

141 3835 215 3882 totins
226 3836 313 3883 mnndi.
333 3834 471 3882 Hortensius.
741 3837 797 3884 758.
817 3833 923 3896 Tarpeias
943 3837 1000 3884 meto
1018 3836 1156 3898 dependerit
1166 3853 1233 3892 ames
1351 3873 1355 3879 -

175 3902 232 3950 753.
252 3898 351 3960 Massa]
369 3899 427 3946 Auri
439 3904 462 3944 et
472 3897 570 3959 argenti.
710 3900 779 3946 Rom.
792 3899 832 3946 lib.
844 3903 867 3946 1.
884 3915 918 3948 rs.
932 3904 987 3949 196.
1247 3893 1250 3903 ’

175 3966 232 4013 754.
251 3965 295 4011 Sed
317 3980 361 4010 uere
381 3964 511 4024 implerunt,
530 3961 586 4025 din]
616 3965 685 4010 Hane
742 3966 798 4012 760.
818 3963 957 4030 Decipitur]
988 3967 1061 4026 Quasi
1082 3967 1126 4013 silri
1149 3983 1177 4015 so
1200 3968 1249 4016 suis

141 4029 266 4076 lectionem
284 4030 368 4089 probat
385 4029 418 4075 H.
435 4029 540 4084 Grotius,
557 4031 624 4089 eujus
644 4045 692 4075 eu-¹
709 4029 783 4077 multo
804 4030 873 4091 plura
890 4031 1041 4090 promisisset,
1058 4047 1134 4093 qnam
1156 4033 1250 4083 inventa

142 4095 335 4156 emplarseeutus
350 4110 408 4142 sum.
442 4093 502 4140 Mihi
518 4109 573 4140 vero
593 4093 685 4154 perpla-
709 4094 807 4142 fuerunt.
826 4094 928 4143 Horterrs.
947 4095 1077 4156 Decipitur,
1093 4096 1151 4161 δια]
1176 4097 1214 4145 He
1232 4099 1251 4152 is

143 4166 182 4206 cet
202 4175 269 4221 quam
282 4160 367 4206 habent
387 4157 428 4205 lib.
450 4158 545 4218 vulgati.
579 4158 685 4204 Sedasa
710 4159 816 4206 bidlossa
833 4167 860 4208 ut
875 4161 914 4223 qai
932 4160 977 4213 sibi
993 4162 1076 4208 Minor
1095 4161 1250 4223 direptionem

142 4223 239 4286 implevit
253 4225 367 4284 cupientes
384 4224 456 4271 omrriu
466 4230 555 4278 mentes,
574 4223 686 4284 Quicquid
709 4225 849 4284 promiserit.
1166 4255 1169 4259 ψ

133 4290 199 4353 judit
212 4288 269 4345 lber,
277 4288 320 4335 &a
330 4290 372 4336 lrac
381 4295 457 4334 mente
467 4305 473 4335 ι
488 4289 628 4335 Invenerunt
635 4288 686 4348 qui·
742 4293 799 4338 761.
818 4290 902 4352 Cespite
910 4289 1116 4352 persisteremus]
1133 4290 1250 4340 Taberna-
1260 4290 1267 4297 “

144 4354 324 4402 deminesstris
334 4352 450 4414 Pompeii,
461 4367 542 4400 aurum
552 4353 685 4416 Hispanam
710 4354 772 4402 culis
784 4355 935 4416 patriciorum
951 4362 976 4404 st
991 4356 1079 4405 reaenri
1096 4355 1184 4418 cespite
1195 4366 1250 4404 con·
1286 4385 1289 4389 .

143 4418 284 4468 etorientis
303 4433 367 4481 gun,
384 4417 419 4467 uti
438 4417 517 4467 Cesar
531 4424 686 4482 proposuerat
710 4418 796 4471 stratis.
845 4482 851 4492 Ι
893 4450 911 4477 ¹·
1104 4450 1106 4456 .
1349 4427 1351 4432 '

1214 4584 1227 4611 Χ
