2784 4860
139 336 206 405 494
399 323 691 403 PETRONII
722 328 984 405 Aramum
1045 342 1050 349 '
1077 344 1088 399 ἱ
1172 366 1177 373 ·

141 509 400 576 Inferni'manes
415 509 545 574 coelum
556 528 693 594 sperare
703 508 877 594 jubentur.

97 696 100 701 ,
141 623 257 704 Quare
272 644 345 706 age,
362 622 459 699 Fors,
474 625 569 685 muta
582 625 743 705 pacatum
756 620 793 684 in
806 620 928 704 praelia
940 618 1088 713 vultum,

140 733 384 818 Romanosque
401 733 465 810 oie,
480 752 522 797 ac
536 732 662 796 nostris
677 732 723 796 da
736 730 856 798 lunera
868 734 993 817 regnis.

140 844 163 910 J
165 843 351 928 ampridem
363 845 459 908 nullo
474 843 708 927 perfundimus
722 864 784 910 ora
798 864 930 924 muers,

141 957 219 1022 Nec
233 976 310 1020 mea
324 955 510 1039 Tisiphone
526 956 678 1019 sitientes
693 956 818 1038 perluit
830 960 924 1021 artus

141 1066 197 1131 Ex
212 1086 281 1150 quo
296 1066 458 1132 Sullanus
472 1067 559 1133 bibit
573 1065 677 1142 ensis,
691 1068 726 1129 et
738 1067 876 1133 horrida
888 1068 993 1134 tellus

140 1177 274 1242 Extulit
286 1178 322 1240 in
335 1179 448 1242 lucem
460 1177 603 1241 nutritas
618 1176 782 1258 sanguine
796 1177 922 1259 fruges

141 1287 232 1352 Haec
247 1287 307 1351 ubi
322 1286 415 1351 dicta
428 1286 537 1363 dedit,
548 1285 677 1350 dextrae
694 1287 899 1372 conjungere
913 1287 1071 1357 nexuum
1190 1298 1196 1307 '

141 1396 304 1474 conatus,
318 1402 418 1481 rupto
433 1397 587 1463 tellurem
601 1397 705 1461 solvit
717 1397 823 1468 hiatu.

139 1510 238 1575 'lhmc
253 1509 388 1574 fortuna
401 1510 470 1574 levi
485 1508 616 1573 defudit
629 1513 767 1593 pectore
781 1526 909 1573 voces:

143 1621 174 1686 0
190 1622 342 1699 Genitor,
359 1623 415 1686 cui
430 1620 552 1705 Cocyti
566 1620 753 1705 penetralia
769 1625 900 1703 parent,

142 1734 181 1800 Si
195 1734 298 1799 modo
312 1754 394 1799 vera
407 1733 489 1798 mihi
503 1732 558 1798 fas
572 1738 625 1798 ost
638 1734 776 1816 impune
790 1730 931 1816 profari,

142 1830 236 1914 Vota
249 1848 312 1912 tibi
327 1846 466 1911 cedent:
488 1864 553 1910 nec
568 1846 657 1910 enim
670 1846 780 1939 minor
793 1845 845 1907 ira
857 1842 1003 1909 rebellat

142 1959 287 2026 Pectore
301 1960 337 2022 in
350 1959 428 2036 hoc,
442 1959 618 2042 leviorque
631 1956 744 2023 exurit
756 1956 893 2020 flamma
904 1956 1088 2024 medullas.

144 2071 278 2148 Omnia,
295 2091 372 2156 quse
387 2071 490 2136 tribui
505 2069 672 2134 Romanis
687 2068 835 2145 arcibus,
850 2067 935 2149 odi3
951 2102 956 2117 ·

144 2181 411 2266 Muneribusque
425 2182 511 2245 meis
526 2182 673 2245 irascor:
695 2180 946 2246 destrnet'istas

144 2292 251 2372 Idem,
267 2293 326 2378 qui
340 2293 467 2377 posuit,
481 2293 591 2356 moles
606 2293 715 2357 Deus.
736 2298 790 2357 est
801 2292 885 2357 milri
899 2293 996 2359 cordi

143 2405 283 2490 Quippe
299 2425 446 2469 cremare
460 2406 564 2482 uiroS,
580 2409 615 2469 et
628 2406 791 2487 sanguine
805 2423 950 2490 pascere
963 2406 1100 2474 luxum.

143 2518 253 2584 Cerno
268 2518 426 2602 equidem
441 2517 574 2599 gemina
583 2517 656 2602 Jam
670 2521 794 2582 stratos
807 2521 914 2583 morte
928 2516 1130 2605 Philippos,
1241 2522 1248 2583 “.

142 2630 400 2714 Thessaliaeque
414 2648 529 2712 rogos,
551 2634 585 2695 et
598 2629 718 2694 funera
731 2629 840 2711 gentis
855 2629 977 2697 Iberae.
1242 2634 1249 2641 “

15 2804 25 2817 ,
142 2741 166 2805 J
167 2750 222 2804 'am
235 2741 349 2822 fragor
363 2759 531 2804 armormn
544 2740 752 2825 trepidantes
766 2742 931 2824 personat
940 2760 1051 2808 aures.
1150 2802 1153 2807 .
1236 2772 1248 2793 ε

143 2852 187 2917 Et
201 2854 320 2936 Libye
338 2873 440 2917 cerno
454 2858 514 2918 tua
528 2853 610 2918 Nile
624 2852 792 2936 gementia
806 2852 967 2932 claustra,
1245 2856 1250 2863 '

142 2963 374 3050 Actiacosque
391 2967 498 3043 sinus,
513 2969 547 3029 et
560 2964 734 3050 Apollinis
748 2984 844 3030 arma
855 2966 1025 3039 timentes.

142 3074 261 3139 Pande
276 3095 339 3158 age
352 3081 514 3141 terrarum
528 3076 678 3141 sitientia
689 3096 794 3159 regna
807 3080 952 3157 tuarrnn,
1138 3138 1143 3143 .

141 3185 254 3271 Atque
270 3189 401 3253 animas
416 3208 552 3253 arcesse
567 3207 688 3255 novas.
709 3189 782 3255 Vix
795 3190 914 3256 navita
926 3190 1137 3267 Porthmeus
1241 3190 1248 3255 ἶ

141 3299 293 3363 Sufficiet
307 3300 490 3364 simulacra
502 3301 615 3364 virum
627 3300 803 3366 traducere
818 3304 953 3387 cymba,
1243 3302 1247 3309 '

142 3409 262 3475 Classe
278 3430 367 3494 opus
383 3417 445 3475 est.
468 3416 573 3494 tuque
587 3410 717 3493 ingenti
728 3414 853 3478 satiare
865 3415 983 3481 ruina·

141 3521 279 3587 Pallida
292 3523 491 3606 Tisiphone,
507 3522 716 3607 concisaque
728 3526 870 3593 vulnera
882 3526 1017 3594 mande.

141 3630 198 3707 Ad
213 3633 351 3716 Stygios
364 3653 484 3698 manes
497 3634 667 3698 laceratus
681 3633 817 3701 ducitur
830 3614 935 3704 orbis.

141 3741 214 3807 Vix
229 3744 309 3809 dum
323 3745 465 3822 finierat,
480 3764 584 3829 quum
598 3743 730 3828 fulgure
743 3753 845 3834 rupta
859 3768 1005 3818 corusco
1128 3790 1140 3799 »-
1208 3786 1220 3805 -.
1229 3748 1244 3809 '.

142 3852 318 3918 Intremuit
331 3856 453 3932 nubes,
468 3856 642 3938 elisosque
656 3857 807 3924 abscidit
817 3859 926 3944 ignes.
999 3866 1005 3879 “
1099 3882 1106 3891 ·
1238 3858 1242 3865 ·

141 3963 303 4029 Subsedit
317 3970 413 4048 pater
427 3966 631 4044 umbrarum,
646 3969 841 4054 gremioque
853 3973 997 4040 reducto

140 4073 299 4152 Telluris
315 4077 474 4158 pavitans
489 4075 654 4143 fraternos
668 4078 792 4162 palluit
804 4082 909 4149 ictus.
1224 4138 1243 4145 ..

141 4183 313 4251 Continuo
330 4186 450 4250 clades
461 4187 635 4255 hominmn
648 4196 857 4280 venturaque
872 4192 1006 4262 danma-
1115 4224 1118 4229 ·
1239 4194 1243 4201 ’

136 4293 315 4383 Auspiciis
330 4302 472 4381 patuere
485 4298 1020 4389 Deam..namque0reomento÷
1120 4366 1128 4373 .
1183 4334 1189 4379 ;
