2784 4860
140 323 206 391 588
435 322 926 391 SUPPLEMENTUM

140 494 295 560 Libertas
309 497 405 560 tanti.
419 516 530 579 neque
544 496 624 560 ficto
640 496 789 561 Caesaris
804 499 930 578 augent

140 603 317 687 Obsequio
331 605 459 667 titulae.
476 605 537 667 sed
552 625 632 668 vero
647 611 786 688 pectore
800 610 927 683 tantos,

141 714 196 778 Ne
212 716 278 777 sibi
295 714 389 795 Rege
404 715 513 778 minor
527 716 682 779 videatur
698 714 826 791 Caesar,
839 714 989 779 bonores

140 826 345 900 Decemunt,
362 832 507 908 quantos
523 830 669 908 nequeat
684 826 836 908 privatus
850 824 989 889 babere.

140 937 347 1020 Perpetuum
363 937 584 1010 Dictatorem,
602 936 791 1016 patriaeque
806 938 982 1016 parentem

139 1045 326 1129 Appellant
340 1046 459 1109 Patres
472 1065 480 1122 ;
504 1044 611 1107 denos
625 1049 664 1107 nt
679 1041 808 1107 Consul
821 1042 858 1106 in
870 1024 983 1113 annos

138 1158 380 1238 Designaretur
395 1160 564 1231 statuunt3
589 1155 724 1235 altaque
741 1151 858 1215 Curuli

140 1266 222 1348 Ipse
239 1272 275 1328 ut
289 1284 466 1346 supremus
481 1264 645 1335 Romana,
653 1260 783 1325 Censor
797 1260 834 1323 in
846 1260 930 1323 urbe

138 1374 246 1439 Veste
262 1372 455 1455 triumphali
471 1373 620 1447 indutus,
635 1373 801 1453 lauroque
816 1370 950 1433 sederet

139 1482 310 1565 Perpetua
325 1490 473 1546 ornatus,
488 1503 552 1545 nec
567 1502 636 1544 nen
652 1482 694 1544 de
709 1480 870 1563 Principe
885 1478 1027 1543 Numen

140 1594 188 1658 Ut
203 1594 296 1656 fieret
310 1594 441 1668 Victor,
457 1593 584 1655 donant
598 1592 729 1666 altaria,
746 1591 863 1667 Sacra,

140 1702 288 1785 Altaque
305 1704 441 1784 templa,
459 1704 582 1784 quibus
596 1701 824 1783 pulcherrima
833 1699 954 1783 juncta
968 1698 1128 1767 Dearum

142 1812 240 1876 Illius
257 1814 392 1874 astabat
408 1806 529 1873 statuae
545 1809 733 1873 Clementia
747 1814 875 1873 sacrat.-

142 1922 301 1987 Caesareo
316 1920 446 1983 faciunt
460 1920 620 1983 Vestales
635 1919 770 1983 nomine
784 1924 878 1983 rota.

140 2030 185 2095 Et
200 2051 268 2113 quo
286 2050 431 2111 quaeque
448 2029 502 2091 die
517 2029 663 2093 victoria
677 2029 821 2111 contigit
837 2028 888 2093 illi
914 2012 919 2031 ¹
958 2074 962 2079 -

139 2139 277 2225 (Civilis
295 2136 504 2222 quanquam)
520 2138 731 2202 celebrantur
744 2137 834 2202 testa
846 2158 909 2221 per
922 2138 1057 2205 urbem·
1112 2142 1115 2147 '
1230 2146 1234 2153 '

142 2250 301 2314 Crederet
315 2251 380 2312 huc
397 2250 532 2330 aliquis,
549 2269 627 2312 cum
642 2250 710 2313 siut
723 2248 843 2311 feralia
855 2246 954 2313 fastis

141 2360 185 2423 Et
199 2361 335 2434 Trebia,
351 2366 384 2421 et
399 2357 526 2421 Cannae
544 2358 709 2421 Romanis
722 2359 879 2439 nomina3
901 2358 1061 2439 Mundae,

140 2470 341 2544 Thessaliae,
357 2469 554 2551 Thapsique
569 2469 644 2531 dies
653 2468 728 2552 jam
742 2470 824 2534 laeta
835 2476 1003 2553 vocentur

140 2580 328 2663 Tempora!
352 2580 576 2662 Pompeiique
593 2600 722 2656 necem,
738 2582 916 2665 sanctique
930 2580 1091 2661 Catonis,

141 2689 382 2772 Scipiadacque
398 2689 486 2751 albis
501 2688 654 2769 designet
668 2689 782 2753 Roma
799 2691 939 2774 lapillis.
960 2738 964 2743 -

141 2798 267 2862 Nullus
282 2804 387 2861 restat
400 2798 518 2874 bonor,
532 2818 633 2881 quem
647 2819 715 2862 non
730 2818 903 2865 assumere
917 2802 1033 2885 possit

141 2908 164 2972 J
166 2929 221 2971 am
237 2909 314 2984 sibi,
330 2908 451 2970 victori
465 2914 560 2971 tauta
574 2914 626 2972 est
641 2928 808 2974 concessa
821 2914 988 2994 potestas.

186 3017 279 3096 Quid
294 3038 382 3080 nunc
398 3019 541 3100 imperio
557 3038 712 3082 securam
727 3020 877 3087 Caesaris
890 3024 1022 3103 urbem,

143 3127 187 3190 Et
200 3129 336 3191 tandein
352 3134 479 3209 optata,
495 3149 557 3211 pro
572 3130 738 3207 libertate,
755 3132 869 3214 quiete

143 3237 341 3313 Lactantem,
358 3238 469 3319 possit
484 3239 600 3301 civilia
613 3259 729 3304 rursus
742 3241 778 3303 in
793 3260 897 3319 arma,

144 3347 277 3411 Rursus
292 3349 326 3410 in
342 3348 524 3412 horrendas
539 3350 688 3432 populos
703 3351 877 3433 impellere
891 3350 1037 3425 elades‘t

9 3500 12 3505 ,
144 3458 235 3536 Quid
250 3464 361 3520 tantas
377 3459 528 3522 Victoris
544 3478 641 3541 opes,
656 3461 875 3545 stabilitaque
889 3472 995 3545 regna

144 3567 292 3630 Eruerel
317 3589 360 3631 an
374 3588 442 3631 non
457 3574 526 3631 tarn
542 3570 643 3632 facile
659 3574 712 3633 est
725 3580 885 3652 suprema
897 3571 985 3636 tueri

144 3677 256 3754 Quam
273 3679 352 3740 dare
369 3678 446 3741 Diis
462 3679 601 3762 Superis
613 3682 628 3742 l
652 3700 696 3744 an
709 3700 778 3743 uou
791 3672 992 3747 mentalibus
1004 3682 1081 3749 ulla
1178 3700 1182 3707 '

144 3791 258 3854 Firma
273 3794 380 3868 datur,
396 3793 565 3876 nullisque
580 3794 679 3857 malis
693 3794 856 3858 violanda
870 3796 1050 3877 potestas?

144 3902 292 3965 Nullane
308 3903 447 3965 livorem
463 3906 585 3986 poterit
600 3906 836 3969 transcendere
850 3904 983 3970 virtus'l

144 4011 220 4075 Nec
235 4020 363 4075 tautum
379 4016 486 4077 meriti
503 4016 651 4097 spatium
666 4023 729 4092 est,
746 4016 839 4099 quod
853 4018 923 4080 nou
937 4012 1122 4097 capitulla

144 4118 288 4185 Invidia
303 4125 440 4186 rabies?
465 4126 509 4187 ob
524 4128 664 4191 summis
679 4126 812 4191 lubrica
825 4144 961 4211 semper

144 4230 188 4297 Et
201 4233 360 4299 minitans
376 4235 495 4300 statio!
517 4258 585 4303 uon
599 4242 633 4303 te
648 4244 708 4304 tua
720 4238 868 4323 plurima
879 4237 988 4304 vetus
