<?xml version="1.0" encoding="UTF-8"?>
<!DOCTYPE html PUBLIC "-//W3C//DTD XHTML 1.0 Transitional//EN"
    "http://www.w3.org/TR/xhtml1/DTD/xhtml1-transitional.dtd">
<html xmlns="http://www.w3.org/1999/xhtml" xml:lang="en" lang="en">
 <head>
  <title>
</title>
<meta http-equiv="Content-Type" content="text/html;charset=utf-8" />
  <meta name='ocr-system' content='tesseract 3.04.00' />
  <meta name='ocr-capabilities' content='ocr_page ocr_carea ocr_par ocr_line ocrx_word'/>
</head>
<body>
  <div class='ocr_page' id='page_1' title='image "./mannaeuslucanus00grotgoog/mannaeuslucanus00grotgoog_0584.png"; bbox 0 0 2784 4860; ppageno 0'>
   <div class='ocr_carea' id='block_1_1' title="bbox 460 331 935 432">
    <p class='ocr_par' dir='ltr' id='par_1_1' title="bbox 460 331 935 432">
     <span class='ocr_line' id='line_1_1' title="bbox 460 331 935 432; baseline -0.008 -28"><span class='ocrx_word' id='word_1_1' title='bbox 460 331 852 432; x_wconf 54' lang='lat' dir='ltr'>nucuurgnln.</span> <span class='ocrx_word' id='word_1_2' title='bbox 888 334 935 401; x_wconf 88' lang='lat' dir='ltr'>v.</span> 
     </span>
    </p>
   </div>
   <div class='ocr_carea' id='block_1_2' title="bbox 139 502 1144 816">
    <p class='ocr_par' dir='ltr' id='par_1_2' title="bbox 139 502 1144 816">
     <span class='ocr_line' id='line_1_2' title="bbox 142 502 1138 593; baseline -0.003 -20"><span class='ocrx_word' id='word_1_3' title='bbox 142 508 273 573; x_wconf 84' lang='lat' dir='ltr'>Flebile</span> <span class='ocrx_word' id='word_1_4' title='bbox 289 506 449 593; x_wconf 88' lang='lat' dir='ltr'>Pompeii</span> <span class='ocrx_word' id='word_1_5' title='bbox 462 502 581 588; x_wconf 82' lang='lat' dir='ltr'>fatum,</span> <span class='ocrx_word' id='word_1_6' title='bbox 596 531 640 574; x_wconf 90' lang='lat' dir='ltr'>ne</span> <span class='ocrx_word' id='word_1_7' title='bbox 654 515 750 575; x_wconf 86' lang='lat' dir='ltr'>tanta</span> <span class='ocrx_word' id='word_1_8' title='bbox 763 504 979 591; x_wconf 59' lang='lat' dir='ltr'>triumphosx</span> <span class='ocrx_word' id='word_1_9' title='bbox 1014 510 1017 515; x_wconf 84' lang='grc'><strong><em>’</em></strong></span> <span class='ocrx_word' id='word_1_10' title='bbox 1134 534 1138 561; x_wconf 79' lang='lat' dir='ltr'>s</span> 
     </span>
     <span class='ocr_line' id='line_1_3' title="bbox 139 619 1144 686; baseline -0.006 -2"><span class='ocrx_word' id='word_1_11' title='bbox 139 619 305 684; x_wconf 83' lang='lat' dir='ltr'>Tristaret</span> <span class='ocrx_word' id='word_1_12' title='bbox 320 619 449 683; x_wconf 84' lang='lat' dir='ltr'><strong>clades.</strong></span> <span class='ocrx_word' id='word_1_13' title='bbox 473 620 535 683; x_wconf 90' lang='lat' dir='ltr'>sed</span> <span class='ocrx_word' id='word_1_14' title='bbox 549 638 642 684; x_wconf 87' lang='lat' dir='ltr'>mors</span> <span class='ocrx_word' id='word_1_15' title='bbox 657 640 699 685; x_wconf 89' lang='lat' dir='ltr'>ea</span> <span class='ocrx_word' id='word_1_16' title='bbox 713 623 790 686; x_wconf 85' lang='lat' dir='ltr'>sola&#39;</span> <span class='ocrx_word' id='word_1_17' title='bbox 804 620 935 684; x_wconf 88' lang='lat' dir='ltr'>relicta.</span> <span class='ocrx_word' id='word_1_18' title='bbox 973 620 1000 659; x_wconf 59' lang='grc' dir='ltr'>Ψ·</span> <span class='ocrx_word' id='word_1_19' title='bbox 1031 662 1035 667; x_wconf 88' lang='lat'><em>-</em></span> <span class='ocrx_word' id='word_1_20' title='bbox 1142 672 1144 678; x_wconf 91' lang='lat'>.</span> 
     </span>
     <span class='ocr_line' id='line_1_4' title="bbox 141 727 1003 816; baseline 0.003 -23"><span class='ocrx_word' id='word_1_21' title='bbox 141 728 230 808; x_wconf 81' lang='lat' dir='ltr'>Quae</span> <span class='ocrx_word' id='word_1_22' title='bbox 246 737 318 794; x_wconf 89' lang='lat' dir='ltr'>tum</span> <span class='ocrx_word' id='word_1_23' title='bbox 333 730 508 813; x_wconf 88' lang='lat' dir='ltr'>praecipue</span> <span class='ocrx_word' id='word_1_24' title='bbox 523 727 654 814; x_wconf 85' lang='lat' dir='ltr'>populo</span> <span class='ocrx_word' id='word_1_25' title='bbox 670 738 855 816; x_wconf 85' lang='lat' dir='ltr'>expectata</span> <span class='ocrx_word' id='word_1_26' title='bbox 869 727 1003 809; x_wconf 78' lang='lat' dir='ltr'>fuisset,</span> 
     </span>
    </p>
   </div>
   <div class='ocr_carea' id='block_1_3' title="bbox 139 834 1280 1036">
    <p class='ocr_par' dir='ltr' id='par_1_3' title="bbox 139 834 1280 1036">
     <span class='ocr_line' id='line_1_5' title="bbox 140 834 1145 925; baseline -0.001 -20"><span class='ocrx_word' id='word_1_27' title='bbox 140 841 255 905; x_wconf 85' lang='lat' dir='ltr'>Altius</span> <span class='ocrx_word' id='word_1_28' title='bbox 271 842 378 905; x_wconf 86' lang='lat' dir='ltr'>infixa</span> <span class='ocrx_word' id='word_1_29' title='bbox 393 848 446 906; x_wconf 90' lang='lat' dir='ltr'>est</span> <span class='ocrx_word' id='word_1_30' title='bbox 462 835 705 925; x_wconf 69' lang='lat' dir='ltr'>quaerentibuS,</span> <span class='ocrx_word' id='word_1_31' title='bbox 722 849 756 907; x_wconf 86' lang='lat' dir='ltr'>et</span> <span class='ocrx_word' id='word_1_32' title='bbox 770 844 858 907; x_wconf 89' lang='lat' dir='ltr'>bene</span> <span class='ocrx_word' id='word_1_33' title='bbox 873 841 990 906; x_wconf 68' lang='lat' dir='ltr'>cuncti</span> <span class='ocrx_word' id='word_1_34' title='bbox 1060 834 1070 899; x_wconf 67' lang='lat'>&#39;,</span> <span class='ocrx_word' id='word_1_35' title='bbox 1095 876 1098 884; x_wconf 92' lang='lat'>·</span> <span class='ocrx_word' id='word_1_36' title='bbox 1142 864 1145 873; x_wconf 85' lang='grc'><em>·</em></span> 
     </span>
     <span class='ocr_line' id='line_1_6' title="bbox 139 953 1280 1036; baseline -0.015 -16"><span class='ocrx_word' id='word_1_37' title='bbox 139 953 221 1020; x_wconf 84' lang='lat' dir='ltr'>Jam</span> <span class='ocrx_word' id='word_1_38' title='bbox 236 955 310 1017; x_wconf 90' lang='lat' dir='ltr'>sine</span> <span class='ocrx_word' id='word_1_39' title='bbox 325 954 469 1036; x_wconf 90' lang='lat' dir='ltr'>picturis</span> <span class='ocrx_word' id='word_1_40' title='bbox 485 953 605 1034; x_wconf 80' lang='lat' dir='ltr'>Magni</span> <span class='ocrx_word' id='word_1_41' title='bbox 619 955 813 1017; x_wconf 83' lang='lat' dir='ltr'>miserabile</span> <span class='ocrx_word' id='word_1_42' title='bbox 827 953 980 1027; x_wconf 57' lang='lat' dir='ltr'>letum,</span> <span class='ocrx_word' id='word_1_43' title='bbox 1108 979 1111 982; x_wconf 92' lang='lat'><strong>·</strong></span> <span class='ocrx_word' id='word_1_44' title='bbox 1217 984 1220 988; x_wconf 89' lang='lat'><em>-</em></span> <span class='ocrx_word' id='word_1_45' title='bbox 1277 992 1280 1003; x_wconf 89' lang='lat'><em>.</em></span> 
     </span>
    </p>
   </div>
   <div class='ocr_carea' id='block_1_4' title="bbox 139 1061 1095 1812">
    <p class='ocr_par' dir='ltr' id='par_1_4' title="bbox 140 1061 937 1145">
     <span class='ocr_line' id='line_1_7' title="bbox 140 1061 937 1145; baseline -0.001 -19"><span class='ocrx_word' id='word_1_46' title='bbox 140 1063 186 1127; x_wconf 92' lang='lat' dir='ltr'>Et</span> <span class='ocrx_word' id='word_1_47' title='bbox 200 1065 323 1128; x_wconf 90' lang='lat' dir='ltr'>seriem</span> <span class='ocrx_word' id='word_1_48' title='bbox 338 1068 441 1135; x_wconf 82' lang='lat' dir='ltr'>tantae</span> <span class='ocrx_word' id='word_1_49' title='bbox 457 1068 604 1145; x_wconf 81' lang='lat' dir='ltr'><strong>possunt</strong></span> <span class='ocrx_word' id='word_1_50' title='bbox 618 1080 805 1126; x_wconf 82' lang='lat' dir='ltr'>memorare</span> <span class='ocrx_word' id='word_1_51' title='bbox 817 1061 937 1125; x_wconf 85' lang='lat' dir='ltr'>ruinae.</span> 
     </span>
    </p>

    <p class='ocr_par' dir='ltr' id='par_1_5' title="bbox 139 1168 1095 1812">
     <span class='ocr_line' id='line_1_8' title="bbox 185 1168 1095 1261; baseline -0.003 -24"><span class='ocrx_word' id='word_1_52' title='bbox 185 1173 273 1251; x_wconf 88' lang='lat' dir='ltr'>Quis</span> <span class='ocrx_word' id='word_1_53' title='bbox 288 1192 463 1237; x_wconf 88' lang='lat' dir='ltr'>numerare</span> <span class='ocrx_word' id='word_1_54' title='bbox 480 1179 584 1255; x_wconf 86' lang='lat' dir='ltr'>queat</span> <span class='ocrx_word' id='word_1_55' title='bbox 597 1173 703 1237; x_wconf 85' lang='lat' dir='ltr'>variae</span> <span class='ocrx_word' id='word_1_56' title='bbox 719 1168 921 1261; x_wconf 73' lang='lat' dir='ltr'>spectacula</span> <span class='ocrx_word' id='word_1_57' title='bbox 935 1172 1095 1255; x_wconf 74' lang='lat' dir='ltr'>pompae?</span> 
     </span>
     <span class='ocr_line' id='line_1_9' title="bbox 142 1281 1068 1368; baseline 0.002 -22"><span class='ocrx_word' id='word_1_58' title='bbox 142 1283 237 1361; x_wconf 88' lang='lat' dir='ltr'>Quot</span> <span class='ocrx_word' id='word_1_59' title='bbox 252 1284 385 1366; x_wconf 89' lang='lat' dir='ltr'>campis</span> <span class='ocrx_word' id='word_1_60' title='bbox 400 1285 496 1347; x_wconf 82' lang='lat' dir='ltr'>ludi&#39;l</span> <span class='ocrx_word' id='word_1_61' title='bbox 519 1303 613 1348; x_wconf 90' lang='lat' dir='ltr'>nova</span> <span class='ocrx_word' id='word_1_62' title='bbox 626 1290 712 1368; x_wconf 83' lang='lat' dir='ltr'>quot</span> <span class='ocrx_word' id='word_1_63' title='bbox 724 1283 911 1348; x_wconf 66' lang='lat' dir='ltr'>conamina</span> <span class='ocrx_word' id='word_1_64' title='bbox 926 1281 1028 1348; x_wconf 79' lang='lat' dir='ltr'>Circo</span> <span class='ocrx_word' id='word_1_65' title='bbox 1065 1310 1068 1316; x_wconf 61' lang='lat'><strong><em>¹</em></strong></span> 
     </span>
     <span class='ocr_line' id='line_1_10' title="bbox 140 1395 1047 1485; baseline 0 -27"><span class='ocrx_word' id='word_1_66' title='bbox 140 1395 345 1478; x_wconf 76' lang='lat' dir='ltr'>Spectentur</span> <span class='ocrx_word' id='word_1_67' title='bbox 359 1395 523 1478; x_wconf 84' lang='lat' dir='ltr'>populisl</span> <span class='ocrx_word' id='word_1_68' title='bbox 547 1401 743 1479; x_wconf 83' lang='lat' dir='ltr'>quantoque</span> <span class='ocrx_word' id='word_1_69' title='bbox 756 1395 1047 1485; x_wconf 67' lang='lat' dir='ltr'>madescit‘arena</span> 
     </span>
     <span class='ocr_line' id='line_1_11' title="bbox 140 1503 1079 1590; baseline 0.001 -20"><span class='ocrx_word' id='word_1_70' title='bbox 140 1506 312 1588; x_wconf 79' lang='lat' dir='ltr'>Sanguine</span> <span class='ocrx_word' id='word_1_71' title='bbox 328 1507 494 1570; x_wconf 89' lang='lat' dir='ltr'>nobilium</span> <span class='ocrx_word' id='word_1_72' title='bbox 509 1506 569 1570; x_wconf 89' lang='lat' dir='ltr'>dat</span> <span class='ocrx_word' id='word_1_73' title='bbox 583 1505 851 1590; x_wconf 75' lang='lat' dir='ltr'>qua&#39;sHyrcana</span> <span class='ocrx_word' id='word_1_74' title='bbox 865 1503 1011 1571; x_wconf 83' lang='lat' dir='ltr'>ferarum</span> <span class='ocrx_word' id='word_1_75' title='bbox 1073 1530 1079 1553; x_wconf 74' lang='lat'><em>2</em></span> 
     </span>
     <span class='ocr_line' id='line_1_12' title="bbox 139 1614 1034 1702; baseline 0 -22"><span class='ocrx_word' id='word_1_76' title='bbox 139 1616 257 1702; x_wconf 86' lang='lat' dir='ltr'>Sylva,</span> <span class='ocrx_word' id='word_1_77' title='bbox 275 1622 334 1680; x_wconf 91' lang='lat' dir='ltr'>aut</span> <span class='ocrx_word' id='word_1_78' title='bbox 347 1617 572 1681; x_wconf 75' lang='lat' dir='ltr'>monstriferis</span> <span class='ocrx_word' id='word_1_79' title='bbox 584 1616 841 1689; x_wconf 75' lang='lat' dir='ltr'>nntritGetulia</span> <span class='ocrx_word' id='word_1_80' title='bbox 852 1614 1015 1698; x_wconf 78' lang='lat' dir='ltr'>¹campisl</span> <span class='ocrx_word' id='word_1_81' title='bbox 1032 1621 1034 1625; x_wconf 80' lang='grc'>’</span> 
     </span>
     <span class='ocr_line' id='line_1_13' title="bbox 140 1726 1024 1812; baseline -0.003 -21"><span class='ocrx_word' id='word_1_82' title='bbox 140 1726 235 1806; x_wconf 86' lang='lat' dir='ltr'>Quin</span> <span class='ocrx_word' id='word_1_83' title='bbox 251 1734 285 1791; x_wconf 90' lang='lat' dir='ltr'>et</span> <span class='ocrx_word' id='word_1_84' title='bbox 298 1735 475 1793; x_wconf 88' lang='lat' dir='ltr'>nocturnae</span> <span class='ocrx_word' id='word_1_85' title='bbox 491 1729 694 1812; x_wconf 86' lang='lat' dir='ltr'>praefulgent</span> <span class='ocrx_word' id='word_1_86' title='bbox 706 1728 856 1810; x_wconf 89' lang='lat' dir='ltr'>undique</span> <span class='ocrx_word' id='word_1_87' title='bbox 871 1732 1024 1808; x_wconf 83' lang='lat' dir='ltr'>pompae,</span> 
     </span>
    </p>
   </div>
   <div class='ocr_carea' id='block_1_5' title="bbox 1183 333 1307 399">
    <p class='ocr_par' dir='ltr' id='par_1_6' title="bbox 1183 333 1307 399">
     <span class='ocr_line' id='line_1_14' title="bbox 1183 333 1307 399; baseline 0 -19"><span class='ocrx_word' id='word_1_88' title='bbox 1183 333 1249 399; x_wconf 77' lang='grc'>567</span> <span class='ocrx_word' id='word_1_89' title='bbox 1294 367 1307 380; x_wconf 89' lang='grc'><strong>.</strong></span> 
     </span>
    </p>
   </div>
   <div class='ocr_carea' id='block_1_6' title="bbox 140 1834 1270 1924">
    <p class='ocr_par' dir='ltr' id='par_1_7' title="bbox 140 1834 1270 1924">
     <span class='ocr_line' id='line_1_15' title="bbox 140 1834 1270 1924; baseline -0.008 -17"><span class='ocrx_word' id='word_1_90' title='bbox 140 1838 401 1924; x_wconf 89' lang='lat' dir='ltr'>Delectantque,</span> <span class='ocrx_word' id='word_1_91' title='bbox 418 1844 517 1922; x_wconf 87' lang='lat' dir='ltr'>parat</span> <span class='ocrx_word' id='word_1_92' title='bbox 531 1858 609 1903; x_wconf 91' lang='lat' dir='ltr'>cum</span> <span class='ocrx_word' id='word_1_93' title='bbox 624 1844 706 1923; x_wconf 88' lang='lat' dir='ltr'>post</span> <span class='ocrx_word' id='word_1_94' title='bbox 720 1835 922 1920; x_wconf 82' lang='lat' dir='ltr'>spectacula</span> <span class='ocrx_word' id='word_1_95' title='bbox 936 1834 1055 1916; x_wconf 74' lang='lat' dir='ltr'>Caesar</span> <span class='ocrx_word' id='word_1_96' title='bbox 1104 1846 1158 1916; x_wconf 78' lang='lat'>&#39;„</span> <span class='ocrx_word' id='word_1_97' title='bbox 1207 1847 1211 1854; x_wconf 86' lang='lat'>&#39;</span> <span class='ocrx_word' id='word_1_98' title='bbox 1267 1866 1270 1873; x_wconf 91' lang='lat'>·</span> 
     </span>
    </p>
   </div>
   <div class='ocr_carea' id='block_1_7' title="bbox 140 1947 1069 2142">
    <p class='ocr_par' dir='ltr' id='par_1_8' title="bbox 140 1947 1069 2142">
     <span class='ocr_line' id='line_1_16' title="bbox 140 1947 977 2014; baseline -0.001 -3"><span class='ocrx_word' id='word_1_99' title='bbox 140 1947 255 2012; x_wconf 90' lang='lat' dir='ltr'>Nocte</span> <span class='ocrx_word' id='word_1_100' title='bbox 271 1950 379 2012; x_wconf 91' lang='lat' dir='ltr'>redire</span> <span class='ocrx_word' id='word_1_101' title='bbox 396 1951 534 2013; x_wconf 92' lang='lat' dir='ltr'>domum</span> <span class='ocrx_word' id='word_1_102' title='bbox 548 1955 621 2014; x_wconf 89' lang='lat' dir='ltr'>toto</span> <span class='ocrx_word' id='word_1_103' title='bbox 636 1949 830 2013; x_wconf 81' lang='lat' dir='ltr'>famulante·</span> <span class='ocrx_word' id='word_1_104' title='bbox 838 1947 977 2013; x_wconf 79' lang='lat' dir='ltr'>Senam.</span> 
     </span>
     <span class='ocr_line' id='line_1_17' title="bbox 140 2057 1069 2142; baseline -0.001 -20"><span class='ocrx_word' id='word_1_105' title='bbox 140 2058 227 2122; x_wconf 85' lang='lat' dir='ltr'>Cum</span> <span class='ocrx_word' id='word_1_106' title='bbox 242 2060 390 2122; x_wconf 89' lang='lat' dir='ltr'>mediam</span> <span class='ocrx_word' id='word_1_107' title='bbox 407 2065 547 2123; x_wconf 90' lang='lat' dir='ltr'>cernunt</span> <span class='ocrx_word' id='word_1_108' title='bbox 562 2057 774 2142; x_wconf 82' lang='lat' dir='ltr'>Elephantes</span> <span class='ocrx_word' id='word_1_109' title='bbox 785 2059 834 2121; x_wconf 89' lang='lat' dir='ltr'>ire</span> <span class='ocrx_word' id='word_1_110' title='bbox 847 2076 909 2140; x_wconf 84' lang='lat' dir='ltr'>per</span> <span class='ocrx_word' id='word_1_111' title='bbox 922 2057 1051 2133; x_wconf 87' lang='lat' dir='ltr'>urbem,</span> <span class='ocrx_word' id='word_1_112' title='bbox 1066 2074 1069 2079; x_wconf 88' lang='grc'><strong><em>·</em></strong></span> 
     </span>
    </p>
   </div>
   <div class='ocr_carea' id='block_1_8' title="bbox 139 2168 1201 2271">
    <p class='ocr_par' dir='ltr' id='par_1_9' title="bbox 139 2168 1201 2271">
     <span class='ocr_line' id='line_1_18' title="bbox 139 2168 1201 2271; baseline -0.003 -39"><span class='ocrx_word' id='word_1_113' title='bbox 139 2169 185 2233; x_wconf 86' lang='lat' dir='ltr'>Et</span> <span class='ocrx_word' id='word_1_114' title='bbox 198 2171 311 2233; x_wconf 91' lang='lat' dir='ltr'>lucem</span> <span class='ocrx_word' id='word_1_115' title='bbox 327 2176 477 2252; x_wconf 90' lang='lat' dir='ltr'>gestare:</span> <span class='ocrx_word' id='word_1_116' title='bbox 501 2170 612 2233; x_wconf 86' lang='lat' dir='ltr'>forum</span> <span class='ocrx_word' id='word_1_117' title='bbox 626 2169 685 2233; x_wconf 80' lang='lat' dir='ltr'>via</span> <span class='ocrx_word' id='word_1_118' title='bbox 698 2169 811 2231; x_wconf 79' lang='lat' dir='ltr'>lactea</span> <span class='ocrx_word' id='word_1_119' title='bbox 824 2168 936 2231; x_wconf 80' lang='lat' dir='ltr'>visum</span> <span class='ocrx_word' id='word_1_120' title='bbox 952 2171 1032 2231; x_wconf 69' lang='lat' dir='ltr'>est:v</span> <span class='ocrx_word' id='word_1_121' title='bbox 1148 2230 1151 2235; x_wconf 78' lang='grc'>,</span> <span class='ocrx_word' id='word_1_122' title='bbox 1175 2218 1201 2271; x_wconf 20' lang='grc' dir='ltr'>ἐκ</span> 
     </span>
    </p>
   </div>
   <div class='ocr_carea' id='block_1_9' title="bbox 140 2277 1033 2586">
    <p class='ocr_par' dir='ltr' id='par_1_10' title="bbox 140 2277 1033 2586">
     <span class='ocr_line' id='line_1_19' title="bbox 140 2277 1033 2365; baseline 0 -20"><span class='ocrx_word' id='word_1_123' title='bbox 140 2282 209 2345; x_wconf 88' lang='lat' dir='ltr'>Tot</span> <span class='ocrx_word' id='word_1_124' title='bbox 224 2283 325 2345; x_wconf 91' lang='lat' dir='ltr'>simul</span> <span class='ocrx_word' id='word_1_125' title='bbox 340 2283 497 2346; x_wconf 89' lang='lat' dir='ltr'>accensis</span> <span class='ocrx_word' id='word_1_126' title='bbox 510 2281 737 2365; x_wconf 87' lang='lat' dir='ltr'>Elephantum</span> <span class='ocrx_word' id='word_1_127' title='bbox 747 2284 846 2359; x_wconf 79' lang='lat' dir='ltr'>terga</span> <span class='ocrx_word' id='word_1_128' title='bbox 859 2277 1033 2357; x_wconf 81' lang='lat' dir='ltr'>micabant</span> 
     </span>
     <span class='ocr_line' id='line_1_20' title="bbox 140 2383 1026 2475; baseline -0.003 -20"><span class='ocrx_word' id='word_1_129' title='bbox 140 2391 294 2474; x_wconf 79' lang='lat' dir='ltr'>Ignibus,</span> <span class='ocrx_word' id='word_1_130' title='bbox 308 2398 409 2475; x_wconf 88' lang='lat' dir='ltr'>atque</span> <span class='ocrx_word' id='word_1_131' title='bbox 420 2393 521 2456; x_wconf 85' lang='lat' dir='ltr'>ibant</span> <span class='ocrx_word' id='word_1_132' title='bbox 535 2393 742 2456; x_wconf 84' lang='lat' dir='ltr'>coelestibus&#39;</span> <span class='ocrx_word' id='word_1_133' title='bbox 750 2389 875 2455; x_wconf 87' lang='lat' dir='ltr'>aemula</span> <span class='ocrx_word' id='word_1_134' title='bbox 888 2383 1008 2470; x_wconf 69' lang='lat' dir='ltr'>signis,</span> <span class='ocrx_word' id='word_1_135' title='bbox 1023 2446 1026 2452; x_wconf 27' lang='grc'>1</span> 
     </span>
     <span class='ocr_line' id='line_1_21' title="bbox 185 2500 982 2586; baseline -0.001 -22"><span class='ocrx_word' id='word_1_136' title='bbox 185 2501 262 2565; x_wconf 91' lang='lat' dir='ltr'>Nec</span> <span class='ocrx_word' id='word_1_137' title='bbox 279 2507 391 2568; x_wconf 88' lang='lat' dir='ltr'>tantas</span> <span class='ocrx_word' id='word_1_138' title='bbox 407 2503 560 2567; x_wconf 87' lang='lat' dir='ltr'>Victoris</span> <span class='ocrx_word' id='word_1_139' title='bbox 576 2502 665 2586; x_wconf 83' lang='lat' dir='ltr'>opes¹</span> <span class='ocrx_word' id='word_1_140' title='bbox 676 2500 876 2583; x_wconf 87' lang='lat' dir='ltr'>spectacula</span> <span class='ocrx_word' id='word_1_141' title='bbox 890 2518 982 2564; x_wconf 86' lang='lat' dir='ltr'>vana</span> 
     </span>
    </p>
   </div>
   <div class='ocr_carea' id='block_1_10' title="bbox 141 2590 1238 2692">
    <p class='ocr_par' dir='ltr' id='par_1_11' title="bbox 141 2590 1238 2692">
     <span class='ocr_line' id='line_1_22' title="bbox 141 2590 1238 2692; baseline -0.012 -17"><span class='ocrx_word' id='word_1_142' title='bbox 141 2613 323 2676; x_wconf 86' lang='lat' dir='ltr'>Testantur</span> <span class='ocrx_word' id='word_1_143' title='bbox 339 2590 468 2677; x_wconf 81' lang='lat' dir='ltr'>solum:</span> <span class='ocrx_word' id='word_1_144' title='bbox 493 2613 554 2676; x_wconf 90' lang='lat' dir='ltr'>sed</span> <span class='ocrx_word' id='word_1_145' title='bbox 570 2613 730 2676; x_wconf 89' lang='lat' dir='ltr'>duratura</span> <span class='ocrx_word' id='word_1_146' title='bbox 744 2629 806 2692; x_wconf 90' lang='lat' dir='ltr'>per</span> <span class='ocrx_word' id='word_1_147' title='bbox 821 2629 934 2680; x_wconf 83' lang='lat' dir='ltr'>aevum</span> <span class='ocrx_word' id='word_1_148' title='bbox 1037 2667 1040 2671; x_wconf 86' lang='grc'>,</span> <span class='ocrx_word' id='word_1_149' title='bbox 1147 2649 1149 2652; x_wconf 48' lang='lat'>&gt;</span> <span class='ocrx_word' id='word_1_150' title='bbox 1194 2646 1238 2652; x_wconf 79' lang='lat'>-·</span> 
     </span>
    </p>
   </div>
   <div class='ocr_carea' id='block_1_11' title="bbox 111 2718 1140 4132">
    <p class='ocr_par' dir='ltr' id='par_1_12' title="bbox 140 2718 942 2806">
     <span class='ocr_line' id='line_1_23' title="bbox 140 2718 942 2806; baseline -0.004 -20"><span class='ocrx_word' id='word_1_151' title='bbox 140 2723 319 2805; x_wconf 83' lang='lat' dir='ltr'>Exurgunt</span> <span class='ocrx_word' id='word_1_152' title='bbox 333 2744 450 2806; x_wconf 91' lang='lat' dir='ltr'>opera,</span> <span class='ocrx_word' id='word_1_153' title='bbox 465 2728 499 2788; x_wconf 92' lang='lat' dir='ltr'>et</span> <span class='ocrx_word' id='word_1_154' title='bbox 513 2723 628 2787; x_wconf 86' lang='lat' dir='ltr'>saeclis</span> <span class='ocrx_word' id='word_1_155' title='bbox 642 2720 796 2788; x_wconf 91' lang='lat' dir='ltr'>miranda</span> <span class='ocrx_word' id='word_1_156' title='bbox 809 2718 942 2784; x_wconf 76' lang='lat' dir='ltr'>futuris·</span> 
     </span>
    </p>

    <p class='ocr_par' dir='ltr' id='par_1_13' title="bbox 140 2830 1140 3471">
     <span class='ocr_line' id='line_1_24' title="bbox 143 2830 1105 2917; baseline -0.003 -18"><span class='ocrx_word' id='word_1_157' title='bbox 143 2834 235 2899; x_wconf 91' lang='lat' dir='ltr'>Nam</span> <span class='ocrx_word' id='word_1_158' title='bbox 249 2837 414 2917; x_wconf 90' lang='lat' dir='ltr'>templum</span> <span class='ocrx_word' id='word_1_159' title='bbox 430 2834 566 2908; x_wconf 88' lang='lat' dir='ltr'>Veneri,</span> <span class='ocrx_word' id='word_1_160' title='bbox 580 2833 702 2896; x_wconf 90' lang='lat' dir='ltr'>domus</span> <span class='ocrx_word' id='word_1_161' title='bbox 717 2852 739 2895; x_wconf 92' lang='lat' dir='ltr'>a</span> <span class='ocrx_word' id='word_1_162' title='bbox 754 2851 823 2914; x_wconf 91' lang='lat' dir='ltr'>qua</span> <span class='ocrx_word' id='word_1_163' title='bbox 837 2830 859 2896; x_wconf 85' lang='lat' dir='ltr'><strong>J</strong></span> <span class='ocrx_word' id='word_1_164' title='bbox 861 2831 933 2895; x_wconf 90' lang='lat' dir='ltr'>ulia</span> <span class='ocrx_word' id='word_1_165' title='bbox 945 2835 1028 2895; x_wconf 87' lang='lat' dir='ltr'>nata</span> <span class='ocrx_word' id='word_1_166' title='bbox 1042 2835 1105 2907; x_wconf 85' lang='lat' dir='ltr'>est,</span> 
     </span>
     <span class='ocr_line' id='line_1_25' title="bbox 141 2941 947 3027; baseline -0.005 -20"><span class='ocrx_word' id='word_1_167' title='bbox 141 2944 212 3008; x_wconf 90' lang='lat' dir='ltr'>Aut</span> <span class='ocrx_word' id='word_1_168' title='bbox 225 2947 315 3027; x_wconf 92' lang='lat' dir='ltr'>pius,</span> <span class='ocrx_word' id='word_1_169' title='bbox 331 2951 389 3008; x_wconf 91' lang='lat' dir='ltr'>aut</span> <span class='ocrx_word' id='word_1_170' title='bbox 404 2950 499 3012; x_wconf 89' lang='lat' dir='ltr'>tanta</span> <span class='ocrx_word' id='word_1_171' title='bbox 514 2944 667 3007; x_wconf 86' lang='lat' dir='ltr'>sublatus</span> <span class='ocrx_word' id='word_1_172' title='bbox 683 2943 813 3024; x_wconf 85' lang='lat' dir='ltr'>origine</span> <span class='ocrx_word' id='word_1_173' title='bbox 827 2941 947 3005; x_wconf 84' lang='lat' dir='ltr'>Caesar</span> 
     </span>
     <span class='ocr_line' id='line_1_26' title="bbox 142 3052 1048 3137; baseline -0.001 -20"><span class='ocrx_word' id='word_1_174' title='bbox 142 3055 367 3137; x_wconf 89' lang='lat' dir='ltr'>Magnificum</span> <span class='ocrx_word' id='word_1_175' title='bbox 381 3055 541 3131; x_wconf 84' lang='lat' dir='ltr'>extruxit,</span> <span class='ocrx_word' id='word_1_176' title='bbox 558 3054 747 3136; x_wconf 86' lang='lat' dir='ltr'>spoliisque</span> <span class='ocrx_word' id='word_1_177' title='bbox 763 3053 902 3117; x_wconf 78' lang='lat' dir='ltr'>amavit</span> <span class='ocrx_word' id='word_1_178' title='bbox 912 3052 1048 3135; x_wconf 84' lang='lat' dir='ltr'>opimis.</span> 
     </span>
     <span class='ocr_line' id='line_1_27' title="bbox 141 3164 1097 3230; baseline -0.004 -2"><span class='ocrx_word' id='word_1_179' title='bbox 141 3165 189 3229; x_wconf 94' lang='lat' dir='ltr'>Ut</span> <span class='ocrx_word' id='word_1_180' title='bbox 204 3167 355 3230; x_wconf 87' lang='lat' dir='ltr'>formosa</span> <span class='ocrx_word' id='word_1_181' title='bbox 368 3166 489 3230; x_wconf 88' lang='lat' dir='ltr'>Venus</span> <span class='ocrx_word' id='word_1_182' title='bbox 503 3171 598 3229; x_wconf 89' lang='lat' dir='ltr'>tanto</span> <span class='ocrx_word' id='word_1_183' title='bbox 612 3165 768 3229; x_wconf 82' lang='lat' dir='ltr'>videatur</span> <span class='ocrx_word' id='word_1_184' title='bbox 782 3164 909 3228; x_wconf 88' lang='lat' dir='ltr'>honore</span> <span class='ocrx_word' id='word_1_185' title='bbox 991 3221 994 3224; x_wconf 22' lang='grc'>1</span> <span class='ocrx_word' id='word_1_186' title='bbox 1096 3181 1097 3184; x_wconf 68' lang='grc'>’</span> 
     </span>
     <span class='ocr_line' id='line_1_28' title="bbox 140 3275 1140 3358; baseline -0.002 -17"><span class='ocrx_word' id='word_1_187' title='bbox 140 3277 226 3341; x_wconf 88' lang='lat' dir='ltr'>Plus</span> <span class='ocrx_word' id='word_1_188' title='bbox 242 3278 265 3341; x_wconf 89' lang='lat' dir='ltr'><strong>J</strong></span> <span class='ocrx_word' id='word_1_189' title='bbox 267 3279 343 3341; x_wconf 86' lang='lat' dir='ltr'>ovis</span> <span class='ocrx_word' id='word_1_190' title='bbox 361 3275 528 3353; x_wconf 79' lang='lat' dir='ltr'>Uxorem,</span> <span class='ocrx_word' id='word_1_191' title='bbox 541 3279 576 3339; x_wconf 82' lang='lat' dir='ltr'>et&#39;</span> <span class='ocrx_word' id='word_1_192' title='bbox 588 3275 769 3340; x_wconf 82' lang='lat' dir='ltr'>Tritonida</span> <span class='ocrx_word' id='word_1_193' title='bbox 780 3277 928 3353; x_wconf 87' lang='lat' dir='ltr'>vincere,</span> <span class='ocrx_word' id='word_1_194' title='bbox 944 3296 1045 3358; x_wconf 86' lang='lat' dir='ltr'>quam</span> <span class='ocrx_word' id='word_1_195' title='bbox 1062 3296 1140 3348; x_wconf 87' lang='lat' dir='ltr'>cum</span> 
     </span>
     <span class='ocr_line' id='line_1_29' title="bbox 141 3386 1004 3471; baseline 0 -20"><span class='ocrx_word' id='word_1_196' title='bbox 141 3389 256 3452; x_wconf 88' lang='lat' dir='ltr'>Aurea</span> <span class='ocrx_word' id='word_1_197' title='bbox 271 3409 375 3471; x_wconf 91' lang='lat' dir='ltr'>poma</span> <span class='ocrx_word' id='word_1_198' title='bbox 390 3389 441 3451; x_wconf 93' lang='lat' dir='ltr'>illi</span> <span class='ocrx_word' id='word_1_199' title='bbox 455 3407 644 3451; x_wconf 77' lang='lat' dir='ltr'>nemorosae</span> <span class='ocrx_word' id='word_1_200' title='bbox 659 3387 696 3449; x_wconf 90' lang='lat' dir='ltr'>in</span> <span class='ocrx_word' id='word_1_201' title='bbox 709 3387 856 3452; x_wconf 87' lang='lat' dir='ltr'>vallibus</span> <span class='ocrx_word' id='word_1_202' title='bbox 872 3386 946 3451; x_wconf 87' lang='lat' dir='ltr'>Idae</span> <span class='ocrx_word' id='word_1_203' title='bbox 980 3397 983 3401; x_wconf 88' lang='grc'>’</span> <span class='ocrx_word' id='word_1_204' title='bbox 1001 3402 1004 3409; x_wconf 87' lang='grc'><strong><em>·</em></strong></span> 
     </span>
    </p>

    <p class='ocr_par' dir='ltr' id='par_1_14' title="bbox 139 3497 919 3564">
     <span class='ocr_line' id='line_1_30' title="bbox 139 3497 919 3564; baseline -0.005 -1"><span class='ocrx_word' id='word_1_205' title='bbox 139 3500 162 3564; x_wconf 86' lang='lat' dir='ltr'><strong>J</strong></span> <span class='ocrx_word' id='word_1_206' title='bbox 164 3501 315 3563; x_wconf 91' lang='lat' dir='ltr'>udicium</span> <span class='ocrx_word' id='word_1_207' title='bbox 331 3499 467 3563; x_wconf 89' lang='lat' dir='ltr'>Paridis</span> <span class='ocrx_word' id='word_1_208' title='bbox 482 3497 746 3562; x_wconf 81' lang='lat' dir='ltr'>Priamo&#39;satale&#39;</span> <span class='ocrx_word' id='word_1_209' title='bbox 756 3497 919 3564; x_wconf 77' lang='lat' dir='ltr'>dedisset.</span> 
     </span>
    </p>

    <p class='ocr_par' dir='ltr' id='par_1_15' title="bbox 138 3606 1054 3912">
     <span class='ocr_line' id='line_1_31' title="bbox 138 3606 1054 3694; baseline -0.002 -22"><span class='ocrx_word' id='word_1_210' title='bbox 138 3608 291 3694; x_wconf 90' lang='lat' dir='ltr'>Plusque</span> <span class='ocrx_word' id='word_1_211' title='bbox 308 3612 452 3674; x_wconf 88' lang='lat' dir='ltr'>Dioneae</span> <span class='ocrx_word' id='word_1_212' title='bbox 468 3613 647 3675; x_wconf 72' lang='lat' dir='ltr'>veneratur</span> <span class='ocrx_word' id='word_1_213' title='bbox 661 3608 800 3673; x_wconf 85' lang='lat' dir='ltr'>numina</span> <span class='ocrx_word' id='word_1_214' title='bbox 816 3606 980 3684; x_wconf 86' lang='lat' dir='ltr'>Mundus,</span> <span class='ocrx_word' id='word_1_215' title='bbox 1001 3621 1004 3627; x_wconf 83' lang='grc'><strong><em>’</em></strong></span> <span class='ocrx_word' id='word_1_216' title='bbox 1048 3647 1054 3655; x_wconf 88' lang='lat'>-</span> 
     </span>
     <span class='ocr_line' id='line_1_32' title="bbox 140 3717 1011 3802; baseline -0.007 -14"><span class='ocrx_word' id='word_1_217' title='bbox 140 3724 254 3802; x_wconf 85' lang='lat' dir='ltr'>Quam</span> <span class='ocrx_word' id='word_1_218' title='bbox 268 3725 323 3787; x_wconf 84' lang='lat' dir='ltr'>vel</span> <span class='ocrx_word' id='word_1_219' title='bbox 339 3723 360 3786; x_wconf 89' lang='lat' dir='ltr'><strong>J</strong></span> <span class='ocrx_word' id='word_1_220' title='bbox 362 3741 509 3785; x_wconf 91' lang='lat' dir='ltr'>unonem</span> <span class='ocrx_word' id='word_1_221' title='bbox 519 3721 579 3785; x_wconf 81' lang='lat' dir='ltr'>&#39;vel</span> <span class='ocrx_word' id='word_1_222' title='bbox 594 3719 760 3785; x_wconf 86' lang='lat' dir='ltr'>Pallada:</span> <span class='ocrx_word' id='word_1_223' title='bbox 785 3718 919 3798; x_wconf 81' lang='lat' dir='ltr'>dignius</span> <span class='ocrx_word' id='word_1_224' title='bbox 936 3717 1011 3782; x_wconf 82' lang='lat' dir='ltr'>orbi</span> 
     </span>
     <span class='ocr_line' id='line_1_33' title="bbox 139 3828 840 3912; baseline -0.003 -14"><span class='ocrx_word' id='word_1_225' title='bbox 139 3834 277 3899; x_wconf 91' lang='lat' dir='ltr'>Nomen</span> <span class='ocrx_word' id='word_1_226' title='bbox 292 3834 314 3897; x_wconf 89' lang='lat' dir='ltr'><strong>J</strong></span> <span class='ocrx_word' id='word_1_227' title='bbox 316 3833 426 3896; x_wconf 85' lang='lat' dir='ltr'>udaeae</span> <span class='ocrx_word' id='word_1_228' title='bbox 444 3837 600 3895; x_wconf 89' lang='lat' dir='ltr'>censetur</span> <span class='ocrx_word' id='word_1_229' title='bbox 614 3829 730 3912; x_wconf 79' lang='lat' dir='ltr'>stirpis</span> <span class='ocrx_word' id='word_1_230' title='bbox 746 3828 840 3908; x_wconf 83' lang='lat' dir='ltr'>urigo</span> 
     </span>
    </p>

    <p class='ocr_par' dir='ltr' id='par_1_16' title="bbox 111 3937 1100 4132">
     <span class='ocr_line' id='line_1_34' title="bbox 111 3937 1100 4026; baseline -0.007 -17"><span class='ocrx_word' id='word_1_231' title='bbox 111 3978 116 3990; x_wconf 85' lang='lat'><strong>·</strong></span> <span class='ocrx_word' id='word_1_232' title='bbox 139 3945 253 4024; x_wconf 88' lang='lat' dir='ltr'>Quam</span> <span class='ocrx_word' id='word_1_233' title='bbox 269 3944 436 4026; x_wconf 86' lang='lat' dir='ltr'>Superum</span> <span class='ocrx_word' id='word_1_234' title='bbox 452 3942 597 4023; x_wconf 84' lang='lat' dir='ltr'>Regina,</span> <span class='ocrx_word' id='word_1_235' title='bbox 613 3946 672 4004; x_wconf 93' lang='lat' dir='ltr'>aut</span> <span class='ocrx_word' id='word_1_236' title='bbox 684 3939 811 4008; x_wconf 83' lang='lat' dir='ltr'>vertice</span> <span class='ocrx_word' id='word_1_237' title='bbox 825 3943 907 4005; x_wconf 86' lang='lat' dir='ltr'>nata</span> <span class='ocrx_word' id='word_1_238' title='bbox 921 3937 1100 4004; x_wconf 80' lang='lat' dir='ltr'>Tonantis.</span> 
     </span>
     <span class='ocr_line' id='line_1_35' title="bbox 138 4048 929 4132; baseline -0.013 -11"><span class='ocrx_word' id='word_1_239' title='bbox 138 4057 306 4122; x_wconf 85' lang='lat' dir='ltr'>Interiora</span> <span class='ocrx_word' id='word_1_240' title='bbox 321 4075 403 4118; x_wconf 88' lang='lat' dir='ltr'>auro</span> <span class='ocrx_word' id='word_1_241' title='bbox 418 4053 598 4116; x_wconf 88' lang='lat' dir='ltr'>radiabant</span> <span class='ocrx_word' id='word_1_242' title='bbox 611 4051 740 4115; x_wconf 90' lang='lat' dir='ltr'>lumina</span> <span class='ocrx_word' id='word_1_243' title='bbox 754 4048 891 4132; x_wconf 87' lang='lat' dir='ltr'>Templi</span> <span class='ocrx_word' id='word_1_244' title='bbox 926 4089 929 4095; x_wconf 30' lang='grc' dir='ltr'><em>ν</em></span> 
     </span>
    </p>
   </div>
   <div class='ocr_carea' id='block_1_12' title="bbox 1264 3867 1326 3905">
    <p class='ocr_par' dir='ltr' id='par_1_17' title="bbox 1264 3867 1326 3905">
     <span class='ocr_line' id='line_1_36' title="bbox 1264 3867 1326 3905; baseline 0 -13"><span class='ocrx_word' id='word_1_245' title='bbox 1264 3867 1272 3905; x_wconf 71' lang='lat' dir='ltr'><strong>j</strong></span> <span class='ocrx_word' id='word_1_246' title='bbox 1320 3886 1326 3892; x_wconf 66' lang='grc'>.</span> 
     </span>
    </p>
   </div>
   <div class='ocr_carea' id='block_1_13' title="bbox 139 4161 1268 4253">
    <p class='ocr_par' dir='ltr' id='par_1_18' title="bbox 139 4161 1268 4253">
     <span class='ocr_line' id='line_1_37' title="bbox 139 4161 1268 4253; baseline -0.017 -21"><span class='ocrx_word' id='word_1_247' title='bbox 139 4168 335 4243; x_wconf 88' lang='lat' dir='ltr'>Marmorei,</span> <span class='ocrx_word' id='word_1_248' title='bbox 352 4171 547 4246; x_wconf 77' lang='lat' dir='ltr'>aurataeque</span> <span class='ocrx_word' id='word_1_249' title='bbox 563 4163 687 4239; x_wconf 84' lang='lat' dir='ltr'>trabes,</span> <span class='ocrx_word' id='word_1_250' title='bbox 704 4161 894 4243; x_wconf 84' lang='lat' dir='ltr'>caelataque</span> <span class='ocrx_word' id='word_1_251' title='bbox 908 4162 1016 4225; x_wconf 88' lang='lat' dir='ltr'>multa</span> <span class='ocrx_word' id='word_1_252' title='bbox 1044 4248 1047 4253; x_wconf 31' lang='lat'><em>‚</em></span> <span class='ocrx_word' id='word_1_253' title='bbox 1152 4182 1156 4188; x_wconf 63' lang='grc'>’</span> <span class='ocrx_word' id='word_1_254' title='bbox 1265 4182 1268 4186; x_wconf 85' lang='grc'>·</span> 
     </span>
    </p>
   </div>
   <div class='ocr_carea' id='block_1_14' title="bbox 136 4271 1075 4363">
    <p class='ocr_par' dir='ltr' id='par_1_19' title="bbox 136 4271 1075 4363">
     <span class='ocr_line' id='line_1_38' title="bbox 136 4271 1075 4363; baseline -0.005 -21"><span class='ocrx_word' id='word_1_255' title='bbox 136 4276 219 4342; x_wconf 87' lang='lat' dir='ltr'>Arte</span> <span class='ocrx_word' id='word_1_256' title='bbox 235 4278 363 4342; x_wconf 90' lang='lat' dir='ltr'>micant</span> <span class='ocrx_word' id='word_1_257' title='bbox 376 4275 581 4341; x_wconf 84' lang='lat' dir='ltr'>simulachra</span> <span class='ocrx_word' id='word_1_258' title='bbox 597 4273 723 4351; x_wconf 74' lang='lat' dir='ltr'>Deum,</span> <span class='ocrx_word' id='word_1_259' title='bbox 739 4277 773 4363; x_wconf 83' lang='lat' dir='ltr'>et</span> <span class='ocrx_word' id='word_1_260' title='bbox 787 4272 952 4356; x_wconf 85' lang='lat' dir='ltr'>spirantia</span> <span class='ocrx_word' id='word_1_261' title='bbox 961 4271 1075 4354; x_wconf 75' lang='lat' dir='ltr'>signa,</span> 
     </span>
    </p>
   </div>
   <div class='ocr_carea' id='block_1_15' title="bbox 0 0 1396 4860">
    <p class='ocr_par' dir='ltr' id='par_1_20' title="bbox 0 0 1396 4860">
     <span class='ocr_line' id='line_1_39' title="bbox 0 0 1396 4860; baseline 0 0"><span class='ocrx_word' id='word_1_262' title='bbox 0 0 1396 4860; x_wconf 95' lang='lat' dir='ltr'> </span> 
     </span>
    </p>
   </div>
  </div>
 </body>
</html>
