2784 4860
138 332 203 397 400
416 330 466 396 Μ.
512 332 715 399 ANNAEI
762 326 988 399 Lucam

184 502 276 567 Nam
292 509 475 586 postquam
489 506 614 569 frustra
628 508 788 588 precibus
803 506 962 571 Comelie
975 512 1104 573 nautas

58 602 61 607 ’
139 612 360 695 Privignique
374 613 490 695 fugam
500 616 618 693 tenuit,
642 616 786 680 neforto
801 616 959 700 repulsus

139 722 327 787 littoribus
343 723 479 788 Phariis
493 732 657 791 remearet
671 727 706 789 in
718 744 859 809 aequora
872 731 1023 803 baneas,

88 900 91 909 ,
142 833 368 918 Ostenditque
382 856 502 919 rogum
518 856 587 901 non
597 837 683 921 justi
696 837 834 901 flamma
847 837 997 921 sepulcri
1009 858 1020 903 ε

141 944 231 1027 Ergo
247 946 386 1028 indigna
400 945 461 1024 fui,
478 947 577 1025 dixit,
595 946 758 1025 Fortuna,
772 948 895 1011 marito

139 1052 351 1121 Accendisse
365 1077 496 1139 rogum,
512 1057 644 1139 gelidos
658 1058 768 1123 effusa
778 1078 840 1141 per
855 1063 949 1123 artus

140 1165 344 1231 incubuisse
360 1169 446 1245 viro,
462 1169 596 1233 laceros
611 1189 752 1233 exurere
766 1170 889 1247 crines,

139 1276 363 1362 Membraque
380 1279 527 1364 dispersi
542 1279 666 1361 pelago
682 1298 889 1362 componere
905 1278 1052 1362 Magnit

140 1388 348 1454 Vulneribus
364 1391 497 1455 cunctis
511 1390 625 1471 largos
640 1388 817 1452 infundere
832 1388 956 1453 flebis?

141 1499 300 1579 Ossibus,
317 1506 350 1565 et
365 1503 483 1585 tepida
497 1507 610 1565 vestes
626 1500 766 1584 implere
782 1500 927 1565 favillat

141 1613 317 1697 Quicquid
333 1616 377 1679 ab
394 1616 544 1679 extincto
560 1615 716 1679 licuisset
728 1615 846 1679 tollere
859 1616 972 1692 busto,

140 1727 183 1791 In
193 1728 330 1810 templis
344 1749 505 1812 sparsura
518 1728 643 1792 Deum.
655 1727 728 1790 sine
739 1726 867 1791 funeris
876 1726 949 1791 ullo
989 1718 992 1725 ’

140 1836 247 1903 Ardet
261 1838 388 1902 honore
404 1858 527 1922 rogus:
549 1857 671 1901 manus
682 1837 748 1901 hoc
760 1836 926 1921 AEgyptia
938 1836 1056 1901 forsan
1080 1866 1084 1873 ’

142 1947 274 2014 Obtulit
289 1949 438 2014 officium
454 1970 555 2032 grave
570 1950 739 2013 manibus.
757 1968 779 2013 o
794 1949 881 2012 bene
892 1948 975 2011 nudi

141 2061 343 2125 Crassorum
360 2062 510 2125 cineres!
534 2059 702 2142 Pompeio
718 2060 861 2141 contigit
873 2059 963 2141 ignis

142 2170 279 2236 Invidia
292 2170 421 2255 majore
438 2171 561 2234 Deum.
574 2170 739 2234 similisne
753 2170 920 2242 malorum

142 2281 225 2346 Sors
240 2280 323 2344 mihi
339 2300 473 2364 semper
487 2281 573 2345 criti
596 2300 768 2363 nunquam
784 2281 866 2345 dare
878 2282 980 2344 busta
993 2278 1114 2343 licebit

141 2390 355 2476 Oonjugibus
369 2411 376 2454 :
399 2411 573 2474 nunquam
588 2393 709 2474 plenas
721 2392 922 2475 plangemus
933 2392 978 2456 ad
991 2386 1121 2455 urnas?

142 2501 236 2582 Quid
251 2522 352 2587 porro
368 2503 506 2567 tumulis
523 2522 611 2587 opus
627 2508 690 2581 est,
707 2508 766 2566 aut
779 2503 851 2566 ulla
864 2503 1009 2585 requiris
1124 2502 1127 2507 ’

141 2618 369 2684 Instrumenta
384 2618 507 2682 dolori
530 2639 599 2682 non
614 2623 686 2682 toto
703 2624 841 2701 pectore
855 2622 973 2701 portas

142 2727 256 2812 Impia
270 2727 498 2812 Pompeiuml
522 2749 592 2794 non
607 2729 687 2792 imis
702 2728 809 2792 haeret
822 2728 936 2810 imago

141 2879 172 2924 57
188 2878 278 2930 recisio,
289 2878 397 2924 revulsus.
464 2881 497 2926 54
513 2877 564 2922 usti.
632 2880 664 2928 56
678 2877 812 2940 gelidosque.
878 2879 911 2927 57
928 2877 1058 2939 memque·

208 2945 240 2991 59
251 2940 371 3005 effundas.
487 2944 519 2988 60
530 2942 623 3002 trepido.
757 2944 789 2988 64
805 2940 909 2989 Abstulit.
1023 2942 1055 2987 67
1065 2954 1189 3003 nusquam

253 3008 285 3056 69
302 3021 362 3053 aune
372 3005 429 3052 ulla.
496 3009 529 3052 70
546 3014 589 3052 toto
600 3007 727 3066 tripectora,
744 3012 873 3065 tantopect.
939 3009 971 3053 71
988 3006 1041 3068 quie
1049 3004 1155 3053 muium

175 3134 214 3181 51.
233 3130 330 3179 Frustra
338 3131 450 3193 precibus,
467 3129 524 3193 dre]
542 3131 638 3178 Frustra
649 3131 682 3177 la·
710 3132 816 3190 recepisti.
835 3131 960 3177 Sedecim
969 3129 1076 3177 Albium
1085 3144 1140 3191 cap.
1154 3132 1177 3177 2.

142 3198 240 3246 borabst
249 3197 349 3245 retinere
361 3198 458 3243 Sextum
468 3196 551 3256 Pomp.
563 3204 642 3243 natum
653 3211 684 3241 ex
742 3200 782 3245 61.
802 3195 924 3256 Quicquid,
937 3193 994 3259 dra]
1012 3194 1109 3241 Cineres
1119 3200 1147 3241 et
1157 3208 1222 3243 oua.

143 3262 252 3323 AEmyba,
261 3270 286 3309 et
294 3268 391 3308 caeteros
400 3261 424 3306 in
433 3261 502 3307 litore
510 3260 634 3322 AEgyptio,
642 3262 683 3307 de·
740 3263 781 3310 67.
799 3258 852 3308 Siue
862 3258 959 3323 finieris
974 3257 1042 3321 ullu]
1070 3258 1142 3307 Idem
1158 3264 1256 3321 quartu

143 3328 229 3375 siderio
247 3335 316 3388 atque
335 3326 497 3386 expectatione
514 3327 589 3372 banci
604 3327 683 3386 conju·
708 3332 757 3371 erat
768 3325 859 3370 Cordus
867 3324 908 3370 lib.
917 3327 940 3372 8.
952 3340 988 3371 vs.
1000 3325 1057 3371 729.
1071 3322 1230 3385 etdeinesps.

144 3393 188 3453 gis,
201 3393 221 3440 si
238 3393 298 3439 forte
309 3389 374 3437 illum
392 3391 464 3438 fluctu
474 3390 591 3438 relabente
602 3390 681 3451 delap·
741 3391 781 3438 63.
800 3387 885 3435 Meum
899 3389 938 3436 hoe
957 3387 1087 3453 AEgypua]
1103 3388 1144 3437 Its
1158 3388 1252 3437 mcor·

144 3473 194 3503 sam
206 3464 302 3517 possent
312 3456 430 3516 excipere.
708 3454 760 3510 dus,
778 3454 820 3501 lib.
829 3455 853 3500 8.
864 3470 899 3501 vs.
909 3456 966 3504 767.
1235 3458 1239 3465 “

176 3525 215 3571 54.
235 3520 287 3568 Nou
290 3521 359 3583 justi,
369 3518 425 3584 δια]
443 3518 536 3582 indigni
545 3519 666 3580 Pompeio.
740 3521 779 3569 64.
799 3517 820 3564 0
838 3518 892 3565 berte
911 3519 977 3575 nudi,
991 3516 1048 3581 δια]
1065 3517 1198 3567 Feliciores
1216 3516 1252 3567 illi

176 3588 215 3634 55.
233 3585 295 3649 Ergo
311 3585 415 3648 beligne,
439 3583 495 3646 &c.]
521 3583 684 3644 Queraletoria
708 3583 747 3643 qui
758 3581 869 3630 inhumati
879 3583 973 3644 abjecti,
990 3598 1060 3644 quur
1070 3583 1203 3645 Purpura
1213 3581 1252 3631 ui

144 3649 218 3696 oratio
230 3648 351 3707 Corneliae,
368 3666 419 3710 quae
437 3649 511 3696 invia
529 3665 543 3696 a
559 3649 635 3696 nautis
653 3650 683 3695 ab
708 3655 754 3694 tam
765 3648 898 3709 despicatus
908 3654 932 3695 et
942 3646 1252 3711 vitisoonfigittgfflqnt

137 3712 257 3775 AEgyptio
268 3713 326 3761 mari
337 3722 419 3763 avecta
429 3715 481 3761 fuit.
499 3713 622 3777 Fortuna]
645 3714 683 3759 Ad
708 3714 812 3759 Deorum
829 3712 892 3759 odio.

143 3778 268 3825 Fortunam
283 3779 382 3826 vertitur
401 3780 481 3826 oratio.
514 3778 684 3826 Recensetali-
740 3780 779 3825 68.
798 3776 955 3841 Conjuffibua]
971 3776 1252 3841 mirandumne

144 3849 200 3905 quot
220 3843 315 3902 pietatis
334 3842 416 3900 officis,
434 3860 485 3904 quae
507 3844 589 3890 marito
612 3843 683 3890 Pom·
708 3841 822 3904 Pompeio
842 3850 932 3904 negata.
964 3841 1046 3889 Plenas
1061 3840 1199 3907 plavgm
1219 3840 1252 3889 d

142 3907 197 3968 peio
214 3907 238 3953 in
253 3907 333 3954 funere
350 3916 461 3969 praestare
479 3908 605 3969 potuisset.
622 3906 683 3955 Hor-
708 3906 806 3969 timii]
822 3907 905 3955 Oinere
924 3912 949 3953 et
964 3906 1063 3955 ossibus.
1093 3906 1205 3969 Respicit
1222 3906 1252 3953 s'd

144 3973 234 4020 tensius.
708 3972 852 4031 cenotaphia,
875 3988 927 4032 quar
944 3971 968 4017 in
984 3970 1035 4019 scie
1047 3970 1192 4019 desidsnb's
1212 3968 1252 4021 vd

175 4039 214 4086 56.
232 4035 361 4083 Accurdisse
378 4036 478 4099 rogum]
495 4039 532 4084 De
551 4054 615 4085 more
634 4038 683 4084 lue·
708 4036 828 4097 naufragio
837 4037 930 4084 amissis
936 4034 1080 4085 accumulata
1087 4042 1143 4103 sript
1153 4036 1185 4085 ab
1195 4034 1252 4083 ni-

142 4112 188 4150 tus.
207 4102 262 4149 vide
281 4101 323 4147 lib.
337 4105 360 4149 7.
379 4117 439 4149 vers.
457 4106 496 4149 21.
513 4104 583 4150 etad
600 4104 681 4151 Seneo.
709 4103 743 4149 cis
763 4101 943 4163 representantis
961 4116 1040 4149 omnes
1060 4100 1252 4165 ommium!

142 4168 242 4222 Troada,
253 4174 317 4214 vers:
327 4169 366 4214 83.
709 4166 784 4213 officia
804 4183 861 4214 vera
884 4164 983 4227 sepultis
1003 4164 1090 4213 (tobim.
1104 4164 1154 4221 ,ὣς
1172 4162 1252 4279 ”ss

176 4237 215 4281 60.
235 4231 329 4288 Ossibru,
346 4230 402 4294 dte]
421 4230 533 4279 Mulieres
542 4239 618 4279 autem
629 4247 683 4281 ossa
709 4230 931 4295 ripemusmiicm
941 4228 1198 4295 Memfim

145 4296 319 4359 siuulegebant.
354 4295 453 4342 Modoiu
464 4296 558 4342 euudou
565 4297 683 4354 utrumme
709 4297 778 4358 nopb.
791 4300 815 4345 6.
826 4294 955 4349 dindime
1194 4304 1197 4309 '
1216 4312 1220 4317 ·

141 4368 324 4424 quotrmuepotes
334 4361 489 4419 emiseram
498 4361 568 4407 trium
578 4370 682 4423 nepotum
741 4365 781 4413 69.
799 4361 862 4418 Quid
878 4360 1047 4427 porcianistis
1058 4374 1115 4422 ‘’P''
1130 4358 1187 4429 Α]
1202 4360 1252 4411 u
