<?xml version="1.0" encoding="UTF-8"?>
<!DOCTYPE html PUBLIC "-//W3C//DTD XHTML 1.0 Transitional//EN"
    "http://www.w3.org/TR/xhtml1/DTD/xhtml1-transitional.dtd">
<html xmlns="http://www.w3.org/1999/xhtml" xml:lang="en" lang="en">
 <head>
  <title>
</title>
<meta http-equiv="Content-Type" content="text/html;charset=utf-8" />
  <meta name='ocr-system' content='tesseract 3.04.00' />
  <meta name='ocr-capabilities' content='ocr_page ocr_carea ocr_par ocr_line ocrx_word'/>
</head>
<body>
  <div class='ocr_page' id='page_1' title='image "./mannaeuslucanus00grotgoog/mannaeuslucanus00grotgoog_0287.png"; bbox 0 0 2784 4860; ppageno 0'>
   <div class='ocr_carea' id='block_1_1' title="bbox 140 330 976 404">
    <p class='ocr_par' dir='ltr' id='par_1_1' title="bbox 140 330 976 404">
     <span class='ocr_line' id='line_1_1' title="bbox 140 330 976 404; baseline -0.005 0"><span class='ocrx_word' id='word_1_1' title='bbox 140 336 205 404; x_wconf 79' lang='grc'>258</span> <span class='ocrx_word' id='word_1_2' title='bbox 410 332 462 401; x_wconf 82' lang='lat' dir='ltr'>M.</span> <span class='ocrx_word' id='word_1_3' title='bbox 504 331 710 401; x_wconf 81' lang='lat' dir='ltr'>ANNAEI</span> <span class='ocrx_word' id='word_1_4' title='bbox 752 330 976 402; x_wconf 81' lang='lat' dir='ltr'>LUCANI</span> 
     </span>
    </p>
   </div>
   <div class='ocr_carea' id='block_1_2' title="bbox 139 500 1256 2360">
    <p class='ocr_par' dir='ltr' id='par_1_2' title="bbox 139 500 1256 2360">
     <span class='ocr_line' id='line_1_2' title="bbox 139 500 1249 601; baseline -0.001 -27"><span class='ocrx_word' id='word_1_5' title='bbox 139 506 295 591; x_wconf 78' lang='lat' dir='ltr'>Telaque</span> <span class='ocrx_word' id='word_1_6' title='bbox 311 500 457 601; x_wconf 75' lang='lat' dir='ltr'>confixis</span> <span class='ocrx_word' id='word_1_7' title='bbox 472 510 602 571; x_wconf 84' lang='lat' dir='ltr'>certant</span> <span class='ocrx_word' id='word_1_8' title='bbox 616 505 760 571; x_wconf 83' lang='lat' dir='ltr'>evellere</span> <span class='ocrx_word' id='word_1_9' title='bbox 771 506 942 584; x_wconf 85' lang='lat' dir='ltr'>membris,</span> <span class='ocrx_word' id='word_1_10' title='bbox 1180 504 1249 573; x_wconf 71' lang='grc'>265</span> 
     </span>
     <span class='ocr_line' id='line_1_3' title="bbox 141 616 1023 700; baseline -0.001 -17"><span class='ocrx_word' id='word_1_11' title='bbox 141 616 388 700; x_wconf 79' lang='lat' dir='ltr'><strong>Exornantque</strong></span> <span class='ocrx_word' id='word_1_12' title='bbox 404 616 511 694; x_wconf 88' lang='lat' dir='ltr'>Deos,</span> <span class='ocrx_word' id='word_1_13' title='bbox 527 635 569 680; x_wconf 89' lang='lat' dir='ltr'>ac</span> <span class='ocrx_word' id='word_1_14' title='bbox 583 616 712 682; x_wconf 90' lang='lat' dir='ltr'>nudum</span> <span class='ocrx_word' id='word_1_15' title='bbox 721 622 861 700; x_wconf 86' lang='lat' dir='ltr'>pectore</span> <span class='ocrx_word' id='word_1_16' title='bbox 877 616 1023 682; x_wconf 76' lang='lat' dir='ltr'>Martem</span> 
     </span>
     <span class='ocr_line' id='line_1_4' title="bbox 141 724 1032 795; baseline -0.002 -1"><span class='ocrx_word' id='word_1_17' title='bbox 141 728 258 795; x_wconf 83' lang='lat' dir='ltr'>Armis</span> <span class='ocrx_word' id='word_1_18' title='bbox 274 727 398 792; x_wconf 85' lang='lat' dir='ltr'>Scaeva</span> <span class='ocrx_word' id='word_1_19' title='bbox 412 728 491 792; x_wconf 91' lang='lat' dir='ltr'>tuis.</span> <span class='ocrx_word' id='word_1_20' title='bbox 513 726 600 791; x_wconf 82' lang='lat' dir='ltr'>felix</span> <span class='ocrx_word' id='word_1_21' title='bbox 614 726 680 791; x_wconf 90' lang='lat' dir='ltr'>hoe</span> <span class='ocrx_word' id='word_1_22' title='bbox 694 727 831 792; x_wconf 88' lang='lat' dir='ltr'>nomine</span> <span class='ocrx_word' id='word_1_23' title='bbox 850 724 952 792; x_wconf 81' lang='lat' dir='ltr'>famae</span> <span class='ocrx_word' id='word_1_24' title='bbox 1029 728 1032 732; x_wconf 83' lang='grc'><strong>’</strong></span> 
     </span>
     <span class='ocr_line' id='line_1_5' title="bbox 142 837 967 922; baseline -0.001 -17"><span class='ocrx_word' id='word_1_25' title='bbox 142 837 182 905; x_wconf 88' lang='lat' dir='ltr'>Si</span> <span class='ocrx_word' id='word_1_26' title='bbox 196 839 259 904; x_wconf 93' lang='lat' dir='ltr'>tibi</span> <span class='ocrx_word' id='word_1_27' title='bbox 275 838 380 902; x_wconf 91' lang='lat' dir='ltr'>durus</span> <span class='ocrx_word' id='word_1_28' title='bbox 395 837 485 915; x_wconf 93' lang='lat' dir='ltr'>Iber,</span> <span class='ocrx_word' id='word_1_29' title='bbox 502 843 561 903; x_wconf 89' lang='lat' dir='ltr'>aut</span> <span class='ocrx_word' id='word_1_30' title='bbox 576 838 607 902; x_wconf 92' lang='lat' dir='ltr'>si</span> <span class='ocrx_word' id='word_1_31' title='bbox 628 837 691 902; x_wconf 92' lang='lat' dir='ltr'>tibi</span> <span class='ocrx_word' id='word_1_32' title='bbox 706 843 801 922; x_wconf 85' lang='lat' dir='ltr'>terga</span> <span class='ocrx_word' id='word_1_33' title='bbox 815 839 967 904; x_wconf 78' lang='lat' dir='ltr'>dedisset</span> 
     </span>
     <span class='ocr_line' id='line_1_6' title="bbox 142 948 995 1032; baseline -0.002 -15"><span class='ocrx_word' id='word_1_34' title='bbox 142 950 314 1017; x_wconf 82' lang='lat' dir='ltr'>Cantaber</span> <span class='ocrx_word' id='word_1_35' title='bbox 328 949 474 1032; x_wconf 85' lang='lat' dir='ltr'>exiguis,</span> <span class='ocrx_word' id='word_1_36' title='bbox 490 953 550 1014; x_wconf 91' lang='lat' dir='ltr'>aut</span> <span class='ocrx_word' id='word_1_37' title='bbox 563 948 675 1032; x_wconf 83' lang='lat' dir='ltr'>longis</span> <span class='ocrx_word' id='word_1_38' title='bbox 689 949 865 1014; x_wconf 86' lang='lat' dir='ltr'>Teutonus</span> <span class='ocrx_word' id='word_1_39' title='bbox 881 948 995 1015; x_wconf 81' lang='lat' dir='ltr'>armis.</span> 
     </span>
     <span class='ocr_line' id='line_1_7' title="bbox 143 1058 1252 1144; baseline -0.002 -16"><span class='ocrx_word' id='word_1_40' title='bbox 143 1060 227 1128; x_wconf 93' lang='lat' dir='ltr'>Non</span> <span class='ocrx_word' id='word_1_41' title='bbox 242 1066 279 1126; x_wconf 93' lang='lat' dir='ltr'>tu</span> <span class='ocrx_word' id='word_1_42' title='bbox 293 1062 460 1125; x_wconf 90' lang='lat' dir='ltr'>bellorum</span> <span class='ocrx_word' id='word_1_43' title='bbox 474 1060 597 1144; x_wconf 92' lang='lat' dir='ltr'>spoliis</span> <span class='ocrx_word' id='word_1_44' title='bbox 613 1079 732 1124; x_wconf 87' lang='lat' dir='ltr'>ornare</span> <span class='ocrx_word' id='word_1_45' title='bbox 750 1060 917 1127; x_wconf 83' lang='lat' dir='ltr'>Tonantis</span> <span class='ocrx_word' id='word_1_46' title='bbox 1183 1058 1252 1126; x_wconf 78' lang='grc'>260</span> 
     </span>
     <span class='ocr_line' id='line_1_8' title="bbox 142 1171 1040 1256; baseline 0 -18"><span class='ocrx_word' id='word_1_47' title='bbox 142 1171 290 1256; x_wconf 78' lang='lat' dir='ltr'>&#39;l&#39;empla</span> <span class='ocrx_word' id='word_1_48' title='bbox 303 1177 415 1255; x_wconf 89' lang='lat' dir='ltr'>potes,</span> <span class='ocrx_word' id='word_1_49' title='bbox 430 1192 500 1236; x_wconf 92' lang='lat' dir='ltr'>non</span> <span class='ocrx_word' id='word_1_50' title='bbox 513 1177 552 1241; x_wconf 87' lang='lat' dir='ltr'>tu</span> <span class='ocrx_word' id='word_1_51' title='bbox 564 1171 655 1236; x_wconf 84' lang='lat' dir='ltr'>laetis</span> <span class='ocrx_word' id='word_1_52' title='bbox 670 1172 800 1236; x_wconf 91' lang='lat' dir='ltr'>ululare</span> <span class='ocrx_word' id='word_1_53' title='bbox 812 1171 1003 1256; x_wconf 81' lang='lat' dir='ltr'>triumphis.</span> <span class='ocrx_word' id='word_1_54' title='bbox 1036 1191 1040 1197; x_wconf 88' lang='grc'>’</span> 
     </span>
     <span class='ocr_line' id='line_1_9' title="bbox 143 1281 923 1367; baseline -0.006 -15"><span class='ocrx_word' id='word_1_55' title='bbox 143 1281 283 1360; x_wconf 81' lang='lat' dir='ltr'>Infelix,</span> <span class='ocrx_word' id='word_1_56' title='bbox 300 1287 429 1365; x_wconf 86' lang='lat' dir='ltr'>quauta</span> <span class='ocrx_word' id='word_1_57' title='bbox 442 1282 617 1346; x_wconf 90' lang='lat' dir='ltr'>dominum</span> <span class='ocrx_word' id='word_1_58' title='bbox 630 1283 754 1347; x_wconf 87' lang='lat' dir='ltr'>virtute</span> <span class='ocrx_word' id='word_1_59' title='bbox 769 1284 900 1367; x_wconf 87' lang='lat' dir='ltr'>parasti</span> <span class='ocrx_word' id='word_1_60' title='bbox 915 1283 923 1347; x_wconf 88' lang='lat' dir='ltr'>l</span> 
     </span>
     <span class='ocr_line' id='line_1_10' title="bbox 186 1391 1120 1480; baseline 0.004 -22"><span class='ocrx_word' id='word_1_61' title='bbox 186 1391 264 1458; x_wconf 87' lang='lat' dir='ltr'>Nee</span> <span class='ocrx_word' id='word_1_62' title='bbox 278 1393 387 1475; x_wconf 83' lang='lat' dir='ltr'>magis</span> <span class='ocrx_word' id='word_1_63' title='bbox 401 1392 467 1457; x_wconf 85' lang='lat' dir='ltr'>hac</span> <span class='ocrx_word' id='word_1_64' title='bbox 484 1392 632 1476; x_wconf 82' lang='lat' dir='ltr'>Magnus</span> <span class='ocrx_word' id='word_1_65' title='bbox 648 1399 836 1460; x_wconf 88' lang='lat' dir='ltr'>castrorum</span> <span class='ocrx_word' id='word_1_66' title='bbox 850 1400 947 1480; x_wconf 87' lang='lat' dir='ltr'>parte</span> <span class='ocrx_word' id='word_1_67' title='bbox 960 1393 1120 1480; x_wconf 86' lang='lat' dir='ltr'>repulsus</span> 
     </span>
     <span class='ocr_line' id='line_1_11' title="bbox 144 1503 920 1590; baseline 0.001 -19"><span class='ocrx_word' id='word_1_68' title='bbox 144 1504 240 1572; x_wconf 87' lang='lat' dir='ltr'>lutra</span> <span class='ocrx_word' id='word_1_69' title='bbox 254 1505 404 1568; x_wconf 87' lang='lat' dir='ltr'>claustra</span> <span class='ocrx_word' id='word_1_70' title='bbox 416 1506 512 1588; x_wconf 84' lang='lat' dir='ltr'>piger</span> <span class='ocrx_word' id='word_1_71' title='bbox 526 1505 633 1569; x_wconf 88' lang='lat' dir='ltr'>dilato</span> <span class='ocrx_word' id='word_1_72' title='bbox 650 1503 762 1570; x_wconf 86' lang='lat' dir='ltr'>Marte</span> <span class='ocrx_word' id='word_1_73' title='bbox 779 1507 920 1590; x_wconf 82' lang='lat' dir='ltr'>quievit,</span> 
     </span>
     <span class='ocr_line' id='line_1_12' title="bbox 145 1612 1256 1694; baseline 0.004 -15"><span class='ocrx_word' id='word_1_74' title='bbox 145 1612 260 1694; x_wconf 85' lang='lat' dir='ltr'>Quam</span> <span class='ocrx_word' id='word_1_75' title='bbox 274 1634 367 1678; x_wconf 90' lang='lat' dir='ltr'>mare</span> <span class='ocrx_word' id='word_1_76' title='bbox 381 1616 540 1693; x_wconf 84' lang='lat' dir='ltr'>lassatur,</span> <span class='ocrx_word' id='word_1_77' title='bbox 553 1635 631 1680; x_wconf 90' lang='lat' dir='ltr'>cum</span> <span class='ocrx_word' id='word_1_78' title='bbox 646 1634 684 1680; x_wconf 88' lang='lat' dir='ltr'>se</span> <span class='ocrx_word' id='word_1_79' title='bbox 698 1617 896 1682; x_wconf 87' lang='lat' dir='ltr'>tollentibus</span> <span class='ocrx_word' id='word_1_80' title='bbox 912 1616 1013 1682; x_wconf 89' lang='lat' dir='ltr'>Euris</span> <span class='ocrx_word' id='word_1_81' title='bbox 1185 1614 1256 1683; x_wconf 56' lang='grc' dir='ltr'>Μ</span> 
     </span>
     <span class='ocr_line' id='line_1_13' title="bbox 145 1723 1067 1807; baseline 0 -16"><span class='ocrx_word' id='word_1_82' title='bbox 145 1723 370 1807; x_wconf 76' lang='lat' dir='ltr'>Frangentem</span> <span class='ocrx_word' id='word_1_83' title='bbox 384 1725 508 1787; x_wconf 85' lang='lat' dir='ltr'>fluctus</span> <span class='ocrx_word' id='word_1_84' title='bbox 522 1726 703 1806; x_wconf 88' lang='lat' dir='ltr'>scopulum</span> <span class='ocrx_word' id='word_1_85' title='bbox 718 1726 806 1804; x_wconf 80' lang='lat' dir='ltr'>ierit,</span> <span class='ocrx_word' id='word_1_86' title='bbox 822 1733 882 1790; x_wconf 87' lang='lat' dir='ltr'>aut</span> <span class='ocrx_word' id='word_1_87' title='bbox 895 1727 986 1791; x_wconf 84' lang='lat' dir='ltr'>latus</span> <span class='ocrx_word' id='word_1_88' title='bbox 1006 1727 1067 1792; x_wconf 87' lang='lat' dir='ltr'>alti</span> 
     </span>
     <span class='ocr_line' id='line_1_14' title="bbox 146 1831 1056 1916; baseline 0.001 -16"><span class='ocrx_word' id='word_1_89' title='bbox 146 1833 278 1901; x_wconf 86' lang='lat' dir='ltr'>Montis</span> <span class='ocrx_word' id='word_1_90' title='bbox 294 1835 403 1910; x_wconf 83' lang='lat' dir='ltr'>adest,</span> <span class='ocrx_word' id='word_1_91' title='bbox 416 1853 595 1916; x_wconf 89' lang='lat' dir='ltr'>seramque</span> <span class='ocrx_word' id='word_1_92' title='bbox 611 1831 679 1896; x_wconf 89' lang='lat' dir='ltr'>sibi</span> <span class='ocrx_word' id='word_1_93' title='bbox 692 1839 792 1916; x_wconf 88' lang='lat' dir='ltr'>parat</span> <span class='ocrx_word' id='word_1_94' title='bbox 805 1836 899 1898; x_wconf 91' lang='lat' dir='ltr'>unda</span> <span class='ocrx_word' id='word_1_95' title='bbox 913 1836 1056 1901; x_wconf 81' lang='lat' dir='ltr'>ruinam.</span> 
     </span>
     <span class='ocr_line' id='line_1_15' title="bbox 147 1942 1002 2029; baseline -0.002 -17"><span class='ocrx_word' id='word_1_96' title='bbox 147 1944 243 2012; x_wconf 87' lang='lat' dir='ltr'>Hinc</span> <span class='ocrx_word' id='word_1_97' title='bbox 258 1945 373 2010; x_wconf 83' lang='lat' dir='ltr'>vicina</span> <span class='ocrx_word' id='word_1_98' title='bbox 387 1949 508 2029; x_wconf 87' lang='lat' dir='ltr'>petens</span> <span class='ocrx_word' id='word_1_99' title='bbox 522 1942 663 2026; x_wconf 87' lang='lat' dir='ltr'>placido</span> <span class='ocrx_word' id='word_1_100' title='bbox 677 1944 820 2008; x_wconf 80' lang='lat' dir='ltr'>castella</span> <span class='ocrx_word' id='word_1_101' title='bbox 832 1944 1002 2028; x_wconf 86' lang='lat' dir='ltr'>profundo</span> 
     </span>
     <span class='ocr_line' id='line_1_16' title="bbox 147 2054 963 2139; baseline -0.004 -15"><span class='ocrx_word' id='word_1_102' title='bbox 147 2056 293 2124; x_wconf 87' lang='lat' dir='ltr'>Incursu</span> <span class='ocrx_word' id='word_1_103' title='bbox 308 2056 434 2138; x_wconf 87' lang='lat' dir='ltr'>gemini</span> <span class='ocrx_word' id='word_1_104' title='bbox 446 2054 569 2119; x_wconf 91' lang='lat' dir='ltr'>Martis</span> <span class='ocrx_word' id='word_1_105' title='bbox 584 2055 692 2137; x_wconf 86' lang='lat' dir='ltr'>rapit:</span> <span class='ocrx_word' id='word_1_106' title='bbox 716 2073 878 2139; x_wconf 88' lang='lat' dir='ltr'>armaque</span> <span class='ocrx_word' id='word_1_107' title='bbox 893 2057 963 2122; x_wconf 86' lang='lat' dir='ltr'>late</span> 
     </span>
     <span class='ocr_line' id='line_1_17' title="bbox 148 2165 1256 2253; baseline 0.005 -21"><span class='ocrx_word' id='word_1_108' title='bbox 148 2166 297 2253; x_wconf 85' lang='lat' dir='ltr'>Spargit,</span> <span class='ocrx_word' id='word_1_109' title='bbox 313 2171 347 2230; x_wconf 89' lang='lat' dir='ltr'>et</span> <span class='ocrx_word' id='word_1_110' title='bbox 361 2165 468 2230; x_wconf 88' lang='lat' dir='ltr'>effuso</span> <span class='ocrx_word' id='word_1_111' title='bbox 483 2165 580 2229; x_wconf 83' lang='lat' dir='ltr'>laxat</span> <span class='ocrx_word' id='word_1_112' title='bbox 594 2167 740 2230; x_wconf 88' lang='lat' dir='ltr'>tentoria</span> <span class='ocrx_word' id='word_1_113' title='bbox 755 2187 899 2251; x_wconf 89' lang='lat' dir='ltr'>campo:</span> <span class='ocrx_word' id='word_1_114' title='bbox 1187 2169 1256 2238; x_wconf 80' lang='lat'>270</span> 
     </span>
     <span class='ocr_line' id='line_1_18' title="bbox 149 2276 966 2360; baseline 0.002 -18"><span class='ocrx_word' id='word_1_115' title='bbox 149 2276 396 2360; x_wconf 81' lang='lat' dir='ltr'>Mutandaeque</span> <span class='ocrx_word' id='word_1_116' title='bbox 406 2276 508 2360; x_wconf 82' lang='lat' dir='ltr'>juvat</span> <span class='ocrx_word' id='word_1_117' title='bbox 522 2276 691 2360; x_wconf 89' lang='lat' dir='ltr'>permissa</span> <span class='ocrx_word' id='word_1_118' title='bbox 703 2277 843 2343; x_wconf 87' lang='lat' dir='ltr'>lieentia</span> <span class='ocrx_word' id='word_1_119' title='bbox 856 2284 966 2344; x_wconf 78' lang='lat' dir='ltr'>tense.</span> 
     </span>
    </p>
   </div>
   <div class='ocr_carea' id='block_1_3' title="bbox 149 2432 1255 2555">
    <p class='ocr_par' dir='ltr' id='par_1_3' title="bbox 149 2432 1255 2555">
     <span class='ocr_line' id='line_1_19' title="bbox 149 2432 1255 2496; baseline 0.005 -9"><span class='ocrx_word' id='word_1_120' title='bbox 149 2440 198 2492; x_wconf 69' lang='lat' dir='ltr'>aas</span> <span class='ocrx_word' id='word_1_121' title='bbox 214 2438 282 2486; x_wconf 66' lang='lat' dir='ltr'>aaa.</span> <span class='ocrx_word' id='word_1_122' title='bbox 366 2441 413 2487; x_wconf 77' lang='lat'>261</span> <span class='ocrx_word' id='word_1_123' title='bbox 430 2438 510 2485; x_wconf 72' lang='lat' dir='ltr'>nizea</span> <span class='ocrx_word' id='word_1_124' title='bbox 601 2441 650 2489; x_wconf 78' lang='lat' dir='ltr'>ees</span> <span class='ocrx_word' id='word_1_125' title='bbox 665 2438 773 2489; x_wconf 62' lang='lat' dir='ltr'>revees.</span> <span class='ocrx_word' id='word_1_126' title='bbox 854 2442 903 2487; x_wconf 78' lang='lat'>264</span> <span class='ocrx_word' id='word_1_127' title='bbox 919 2438 1076 2496; x_wconf 64' lang='lat' dir='ltr'>rnorem,</span> <span class='ocrx_word' id='word_1_128' title='bbox 1094 2432 1255 2492; x_wconf 64' lang='lat' dir='ltr'>eneam</span> 
     </span>
     <span class='ocr_line' id='line_1_20' title="bbox 451 2501 948 2555; baseline 0.008 -5"><span class='ocrx_word' id='word_1_129' title='bbox 451 2505 500 2551; x_wconf 79' lang='lat' dir='ltr'>ees</span> <span class='ocrx_word' id='word_1_130' title='bbox 512 2501 613 2552; x_wconf 35' lang='lat' dir='ltr'>veram.</span> <span class='ocrx_word' id='word_1_131' title='bbox 811 2505 859 2552; x_wconf 82' lang='lat' dir='ltr'>aro</span> <span class='ocrx_word' id='word_1_132' title='bbox 875 2505 948 2555; x_wconf 70' lang='lat' dir='ltr'>mne.</span> 
     </span>
    </p>
   </div>
   <div class='ocr_carea' id='block_1_4' title="bbox 149 2640 1265 4201">
    <p class='ocr_par' dir='ltr' id='par_1_4' title="bbox 149 2640 1265 4201">
     <span class='ocr_line' id='line_1_21' title="bbox 149 2640 1257 2710; baseline 0.004 -19"><span class='ocrx_word' id='word_1_133' title='bbox 149 2659 223 2698; x_wconf 89' lang='lat' dir='ltr'>mero,</span> <span class='ocrx_word' id='word_1_134' title='bbox 238 2643 326 2692; x_wconf 82' lang='lat' dir='ltr'>femore</span> <span class='ocrx_word' id='word_1_135' title='bbox 340 2640 414 2693; x_wconf 82' lang='lat' dir='ltr'>seneli</span> <span class='ocrx_word' id='word_1_136' title='bbox 434 2650 458 2692; x_wconf 92' lang='lat' dir='ltr'>et</span> <span class='ocrx_word' id='word_1_137' title='bbox 473 2645 540 2694; x_wconf 82' lang='lat' dir='ltr'>oculo</span> <span class='ocrx_word' id='word_1_138' title='bbox 554 2660 601 2693; x_wconf 88' lang='lat' dir='ltr'>uuo</span> <span class='ocrx_word' id='word_1_139' title='bbox 616 2645 692 2693; x_wconf 82' lang='lat' dir='ltr'>orbati</span> <span class='ocrx_word' id='word_1_140' title='bbox 717 2651 742 2693; x_wconf 89' lang='lat' dir='ltr'>et</span> <span class='ocrx_word' id='word_1_141' title='bbox 753 2646 834 2693; x_wconf 84' lang='lat' dir='ltr'>erebro</span> <span class='ocrx_word' id='word_1_142' title='bbox 842 2643 943 2707; x_wconf 87' lang='lat' dir='ltr'>impulsu</span> <span class='ocrx_word' id='word_1_143' title='bbox 954 2645 1055 2694; x_wconf 76' lang='lat' dir='ltr'>victores</span> <span class='ocrx_word' id='word_1_144' title='bbox 1065 2646 1160 2696; x_wconf 78' lang='lat' dir='ltr'>tandem</span> <span class='ocrx_word' id='word_1_145' title='bbox 1171 2660 1257 2710; x_wconf 84' lang='lat' dir='ltr'>seopu-</span> 
     </span>
     <span class='ocr_line' id='line_1_22' title="bbox 150 2709 891 2768; baseline -0.001 -12"><span class='ocrx_word' id='word_1_146' title='bbox 150 2715 241 2756; x_wconf 78' lang='lat' dir='ltr'>soutum</span> <span class='ocrx_word' id='word_1_147' title='bbox 259 2710 289 2756; x_wconf 84' lang='lat' dir='ltr'>sd</span> <span class='ocrx_word' id='word_1_148' title='bbox 306 2709 366 2756; x_wconf 80' lang='lat' dir='ltr'>Caes.</span> <span class='ocrx_word' id='word_1_149' title='bbox 387 2712 485 2758; x_wconf 86' lang='lat' dir='ltr'>relstum</span> <span class='ocrx_word' id='word_1_150' title='bbox 506 2718 575 2768; x_wconf 84' lang='lat' dir='ltr'>esset,</span> <span class='ocrx_word' id='word_1_151' title='bbox 598 2711 693 2758; x_wconf 77' lang='lat' dir='ltr'>invente</span> <span class='ocrx_word' id='word_1_152' title='bbox 717 2710 891 2758; x_wconf 79' lang='lat' dir='ltr'>lumevertunt.</span> 
     </span>
     <span class='ocr_line' id='line_1_23' title="bbox 151 2773 1259 2840; baseline 0.003 -19"><span class='ocrx_word' id='word_1_153' title='bbox 151 2780 207 2821; x_wconf 85' lang='lat' dir='ltr'>sunt</span> <span class='ocrx_word' id='word_1_154' title='bbox 224 2773 248 2820; x_wconf 87' lang='lat' dir='ltr'>iu</span> <span class='ocrx_word' id='word_1_155' title='bbox 265 2790 295 2822; x_wconf 87' lang='lat' dir='ltr'>eo</span> <span class='ocrx_word' id='word_1_156' title='bbox 312 2774 424 2822; x_wconf 79' lang='lat' dir='ltr'>foramina</span> <span class='ocrx_word' id='word_1_157' title='bbox 441 2775 571 2822; x_wconf 82' lang='lat' dir='ltr'>CCXXX.</span> <span class='ocrx_word' id='word_1_158' title='bbox 596 2776 650 2838; x_wconf 88' lang='lat' dir='ltr'>(sed</span> <span class='ocrx_word' id='word_1_159' title='bbox 666 2782 693 2822; x_wconf 88' lang='lat' dir='ltr'>ut</span> <span class='ocrx_word' id='word_1_160' title='bbox 751 2777 806 2825; x_wconf 74' lang='lat'>264.</span> <span class='ocrx_word' id='word_1_161' title='bbox 824 2774 890 2822; x_wconf 80' lang='lat' dir='ltr'>Intra</span> <span class='ocrx_word' id='word_1_162' title='bbox 911 2775 1031 2840; x_wconf 67' lang='lat' dir='ltr'>clunem]</span> <span class='ocrx_word' id='word_1_163' title='bbox 1052 2777 1134 2824; x_wconf 75' lang='lat' dir='ltr'>cestre</span> <span class='ocrx_word' id='word_1_164' title='bbox 1154 2776 1259 2839; x_wconf 79' lang='lat' dir='ltr'>undique</span> 
     </span>
     <span class='ocr_line' id='line_1_24' title="bbox 150 2837 1087 2905; baseline 0.001 -19"><span class='ocrx_word' id='word_1_165' title='bbox 150 2837 192 2886; x_wconf 81' lang='lat' dir='ltr'>elii</span> <span class='ocrx_word' id='word_1_166' title='bbox 213 2838 322 2897; x_wconf 79' lang='lat' dir='ltr'>referunt,</span> <span class='ocrx_word' id='word_1_167' title='bbox 345 2838 441 2905; x_wconf 76' lang='lat' dir='ltr'>CXX.)</span> <span class='ocrx_word' id='word_1_168' title='bbox 462 2841 559 2889; x_wconf 77' lang='lat' dir='ltr'>donarit</span> <span class='ocrx_word' id='word_1_169' title='bbox 586 2857 638 2888; x_wconf 86' lang='lat' dir='ltr'>eum</span> <span class='ocrx_word' id='word_1_170' title='bbox 657 2841 691 2888; x_wconf 86' lang='lat' dir='ltr'>lli.</span> <span class='ocrx_word' id='word_1_171' title='bbox 718 2839 895 2888; x_wconf 71' lang='lat' dir='ltr'>circumvallata.</span> <span class='ocrx_word' id='word_1_172' title='bbox 1084 2871 1087 2876; x_wconf 91' lang='lat'><em>·</em></span> 
     </span>
     <span class='ocr_line' id='line_1_25' title="bbox 150 2900 1258 2970; baseline 0.005 -21"><span class='ocrx_word' id='word_1_173' title='bbox 150 2900 199 2949; x_wconf 77' lang='lat'>(30.</span> <span class='ocrx_word' id='word_1_174' title='bbox 216 2903 278 2961; x_wconf 86' lang='lat' dir='ltr'>seris,</span> <span class='ocrx_word' id='word_1_175' title='bbox 294 2911 365 2965; x_wconf 78' lang='lat' dir='ltr'>utque</span> <span class='ocrx_word' id='word_1_176' title='bbox 381 2907 409 2951; x_wconf 86' lang='lat' dir='ltr'>ub</span> <span class='ocrx_word' id='word_1_177' title='bbox 430 2906 521 2954; x_wconf 84' lang='lat' dir='ltr'>ueteris</span> <span class='ocrx_word' id='word_1_178' title='bbox 532 2905 650 2954; x_wconf 85' lang='lat' dir='ltr'>ordinibus</span> <span class='ocrx_word' id='word_1_179' title='bbox 661 2905 692 2953; x_wconf 80' lang='lat' dir='ltr'>ad</span> <span class='ocrx_word' id='word_1_180' title='bbox 751 2907 806 2951; x_wconf 88' lang='grc'>266.</span> <span class='ocrx_word' id='word_1_181' title='bbox 825 2903 976 2968; x_wconf 78' lang='lat' dir='ltr'>Frangentem</span> <span class='ocrx_word' id='word_1_182' title='bbox 989 2903 1088 2970; x_wconf 74' lang='lat' dir='ltr'>fluctus,</span> <span class='ocrx_word' id='word_1_183' title='bbox 1113 2903 1170 2970; x_wconf 84' lang='lat' dir='ltr'>&amp;e.]</span> <span class='ocrx_word' id='word_1_184' title='bbox 1200 2907 1258 2954; x_wconf 73' lang='lat' dir='ltr'>Ore·</span> 
     </span>
     <span class='ocr_line' id='line_1_26' title="bbox 151 2966 1218 3031; baseline 0.004 -17"><span class='ocrx_word' id='word_1_185' title='bbox 151 2966 295 3030; x_wconf 81' lang='lat' dir='ltr'>primipilum</span> <span class='ocrx_word' id='word_1_186' title='bbox 306 2969 419 3024; x_wconf 82' lang='lat' dir='ltr'>traduxit,</span> <span class='ocrx_word' id='word_1_187' title='bbox 437 2969 480 3019; x_wconf 75' lang='lat' dir='ltr'>dre.</span> <span class='ocrx_word' id='word_1_188' title='bbox 501 2974 503 2979; x_wconf 84' lang='lat'>&#39;</span> <span class='ocrx_word' id='word_1_189' title='bbox 631 2967 635 2981; x_wconf 87' lang='lat'>&#39;</span> <span class='ocrx_word' id='word_1_190' title='bbox 717 2969 767 3016; x_wconf 91' lang='lat' dir='ltr'>bris</span> <span class='ocrx_word' id='word_1_191' title='bbox 776 2968 860 3019; x_wconf 80' lang='lat' dir='ltr'>ictibus</span> <span class='ocrx_word' id='word_1_192' title='bbox 871 2978 895 3016; x_wconf 89' lang='lat' dir='ltr'>et</span> <span class='ocrx_word' id='word_1_193' title='bbox 906 2968 996 3017; x_wconf 86' lang='lat' dir='ltr'>diutino</span> <span class='ocrx_word' id='word_1_194' title='bbox 1005 2970 1094 3017; x_wconf 85' lang='lat' dir='ltr'>insultu</span> <span class='ocrx_word' id='word_1_195' title='bbox 1104 2985 1218 3031; x_wconf 67' lang='lat' dir='ltr'>quassam.</span> 
     </span>
     <span class='ocr_line' id='line_1_27' title="bbox 186 3031 1260 3098; baseline 0.002 -17"><span class='ocrx_word' id='word_1_196' title='bbox 186 3033 242 3081; x_wconf 85' lang='grc'>257.</span> <span class='ocrx_word' id='word_1_197' title='bbox 260 3031 470 3080; x_wconf 68' lang='lat' dir='ltr'>Felixhocewmlne</span> <span class='ocrx_word' id='word_1_198' title='bbox 478 3033 561 3098; x_wconf 75' lang='lat' dir='ltr'>fama,</span> <span class='ocrx_word' id='word_1_199' title='bbox 577 3032 623 3080; x_wconf 79' lang='lat' dir='ltr'>dre.</span> <span class='ocrx_word' id='word_1_200' title='bbox 640 3031 693 3080; x_wconf 85' lang='lat' dir='ltr'>Non</span> <span class='ocrx_word' id='word_1_201' title='bbox 751 3035 807 3080; x_wconf 86' lang='grc'>267.</span> <span class='ocrx_word' id='word_1_202' title='bbox 824 3033 910 3096; x_wconf 77' lang='lat' dir='ltr'>Adest]</span> <span class='ocrx_word' id='word_1_203' title='bbox 937 3034 1034 3090; x_wconf 83' lang='lat' dir='ltr'>Adedit,</span> <span class='ocrx_word' id='word_1_204' title='bbox 1059 3035 1147 3082; x_wconf 81' lang='lat' dir='ltr'>exedit.</span> <span class='ocrx_word' id='word_1_205' title='bbox 1179 3034 1260 3083; x_wconf 73' lang='lat' dir='ltr'>&amp;uum</span> 
     </span>
     <span class='ocr_line' id='line_1_28' title="bbox 152 3094 1259 3163; baseline 0.006 -21"><span class='ocrx_word' id='word_1_206' title='bbox 152 3095 307 3154; x_wconf 71' lang='lat' dir='ltr'>tabellarum,</span> <span class='ocrx_word' id='word_1_207' title='bbox 322 3096 379 3163; x_wconf 82' lang='lat' dir='ltr'>&amp;e.]</span> <span class='ocrx_word' id='word_1_208' title='bbox 397 3099 496 3146; x_wconf 82' lang='lat' dir='ltr'>Multam</span> <span class='ocrx_word' id='word_1_209' title='bbox 507 3105 532 3146; x_wconf 91' lang='lat' dir='ltr'>et</span> <span class='ocrx_word' id='word_1_210' title='bbox 548 3115 628 3147; x_wconf 78' lang='lat' dir='ltr'>verum</span> <span class='ocrx_word' id='word_1_211' title='bbox 638 3114 693 3145; x_wconf 88' lang='lat' dir='ltr'>eon·</span> <span class='ocrx_word' id='word_1_212' title='bbox 717 3097 829 3161; x_wconf 71' lang='lat' dir='ltr'>mirram]</span> <span class='ocrx_word' id='word_1_213' title='bbox 846 3099 902 3146; x_wconf 87' lang='lat' dir='ltr'>Hoe</span> <span class='ocrx_word' id='word_1_214' title='bbox 912 3106 956 3158; x_wconf 84' lang='lat' dir='ltr'>est,</span> <span class='ocrx_word' id='word_1_215' title='bbox 973 3094 1018 3146; x_wconf 80' lang='lat' dir='ltr'>noir</span> <span class='ocrx_word' id='word_1_216' title='bbox 1033 3099 1142 3158; x_wconf 84' lang='lat' dir='ltr'>subitum,</span> <span class='ocrx_word' id='word_1_217' title='bbox 1158 3101 1201 3149; x_wconf 84' lang='lat' dir='ltr'>sed</span> <span class='ocrx_word' id='word_1_218' title='bbox 1213 3107 1259 3153; x_wconf 73' lang='lat' dir='ltr'>tur·</span> 
     </span>
     <span class='ocr_line' id='line_1_29' title="bbox 152 3157 1166 3225; baseline -0.001 -17"><span class='ocrx_word' id='word_1_219' title='bbox 152 3168 274 3208; x_wconf 72' lang='lat' dir='ltr'>ieeutnrus</span> <span class='ocrx_word' id='word_1_220' title='bbox 286 3159 390 3225; x_wconf 81' lang='lat' dir='ltr'>glorium,</span> <span class='ocrx_word' id='word_1_221' title='bbox 407 3164 429 3210; x_wconf 91' lang='lat' dir='ltr'>si</span> <span class='ocrx_word' id='word_1_222' title='bbox 442 3179 487 3225; x_wconf 86' lang='lat' dir='ltr'>pro</span> <span class='ocrx_word' id='word_1_223' title='bbox 503 3158 579 3225; x_wconf 82' lang='lat' dir='ltr'>petria</span> <span class='ocrx_word' id='word_1_224' title='bbox 589 3157 694 3225; x_wconf 71' lang='lat' dir='ltr'>pugnans</span> <span class='ocrx_word' id='word_1_225' title='bbox 719 3161 910 3210; x_wconf 74' lang='lat' dir='ltr'>damaolentam.</span> <span class='ocrx_word' id='word_1_226' title='bbox 1156 3192 1166 3207; x_wconf 49' lang='lat' dir='ltr'><strong><em>s</em></strong></span> 
     </span>
     <span class='ocr_line' id='line_1_30' title="bbox 150 3224 1260 3293; baseline 0.005 -20"><span class='ocrx_word' id='word_1_227' title='bbox 150 3224 196 3274; x_wconf 78' lang='lat' dir='ltr'>lise</span> <span class='ocrx_word' id='word_1_228' title='bbox 206 3240 263 3273; x_wconf 83' lang='lat' dir='ltr'>usus</span> <span class='ocrx_word' id='word_1_229' title='bbox 272 3226 359 3275; x_wconf 83' lang='lat' dir='ltr'>luisses</span> <span class='ocrx_word' id='word_1_230' title='bbox 370 3227 457 3278; x_wconf 79' lang='lat' dir='ltr'>virtute</span> <span class='ocrx_word' id='word_1_231' title='bbox 468 3229 492 3275; x_wconf 88' lang='lat' dir='ltr'>in</span> <span class='ocrx_word' id='word_1_232' title='bbox 504 3227 694 3289; x_wconf 62' lang='lat' dir='ltr'>Hispanique·</span> <span class='ocrx_word' id='word_1_233' title='bbox 751 3229 808 3275; x_wconf 87' lang='grc'>268.</span> <span class='ocrx_word' id='word_1_234' title='bbox 825 3227 889 3274; x_wconf 81' lang='lat' dir='ltr'>Hine</span> <span class='ocrx_word' id='word_1_235' title='bbox 904 3228 987 3286; x_wconf 69' lang='lat' dir='ltr'>viana,</span> <span class='ocrx_word' id='word_1_236' title='bbox 1002 3227 1060 3292; x_wconf 89' lang='lat' dir='ltr'>&amp;e.]</span> <span class='ocrx_word' id='word_1_237' title='bbox 1085 3228 1213 3293; x_wconf 78' lang='lat' dir='ltr'>Pompeius</span> <span class='ocrx_word' id='word_1_238' title='bbox 1230 3230 1260 3278; x_wconf 77' lang='lat' dir='ltr'>ab</span> 
     </span>
     <span class='ocr_line' id='line_1_31' title="bbox 151 3288 1261 3358; baseline 0.005 -20"><span class='ocrx_word' id='word_1_239' title='bbox 151 3290 235 3349; x_wconf 84' lang='lat' dir='ltr'>tebris,</span> <span class='ocrx_word' id='word_1_240' title='bbox 243 3292 409 3351; x_wconf 80' lang='lat' dir='ltr'>Gennanisqne</span> <span class='ocrx_word' id='word_1_241' title='bbox 419 3291 576 3354; x_wconf 77' lang='lat' dir='ltr'>subjugandis.</span> <span class='ocrx_word' id='word_1_242' title='bbox 589 3292 694 3337; x_wconf 76' lang='lat' dir='ltr'>hisvero</span> <span class='ocrx_word' id='word_1_243' title='bbox 719 3288 782 3352; x_wconf 80' lang='lat' dir='ltr'>AEgo</span> <span class='ocrx_word' id='word_1_244' title='bbox 799 3299 824 3338; x_wconf 90' lang='lat' dir='ltr'>et</span> <span class='ocrx_word' id='word_1_245' title='bbox 841 3293 946 3340; x_wconf 84' lang='lat' dir='ltr'>Roseillo</span> <span class='ocrx_word' id='word_1_246' title='bbox 955 3292 1119 3356; x_wconf 75' lang='lat' dir='ltr'>Allobrogibus</span> <span class='ocrx_word' id='word_1_247' title='bbox 1132 3294 1261 3358; x_wconf 69' lang='lat' dir='ltr'>murgi·</span> 
     </span>
     <span class='ocr_line' id='line_1_32' title="bbox 152 3353 1261 3424; baseline 0.005 -21"><span class='ocrx_word' id='word_1_248' title='bbox 152 3355 224 3420; x_wconf 89' lang='lat' dir='ltr'>periit</span> <span class='ocrx_word' id='word_1_249' title='bbox 234 3355 278 3404; x_wconf 90' lang='lat' dir='ltr'>tibi</span> <span class='ocrx_word' id='word_1_250' title='bbox 287 3356 370 3414; x_wconf 79' lang='lat' dir='ltr'>virtus,</span> <span class='ocrx_word' id='word_1_251' title='bbox 380 3355 466 3420; x_wconf 87' lang='lat' dir='ltr'>qnippe</span> <span class='ocrx_word' id='word_1_252' title='bbox 477 3357 516 3404; x_wconf 86' lang='lat' dir='ltr'>eui</span> <span class='ocrx_word' id='word_1_253' title='bbox 527 3370 601 3416; x_wconf 86' lang='lat' dir='ltr'>neque</span> <span class='ocrx_word' id='word_1_254' title='bbox 613 3353 695 3401; x_wconf 88' lang='lat' dir='ltr'>trium·</span> <span class='ocrx_word' id='word_1_255' title='bbox 720 3356 825 3413; x_wconf 79' lang='lat' dir='ltr'>edoctus,</span> <span class='ocrx_word' id='word_1_256' title='bbox 841 3363 997 3407; x_wconf 78' lang='lat' dir='ltr'>transversum</span> <span class='ocrx_word' id='word_1_257' title='bbox 1014 3359 1074 3406; x_wconf 85' lang='lat' dir='ltr'>inter</span> <span class='ocrx_word' id='word_1_258' title='bbox 1084 3358 1202 3421; x_wconf 73' lang='lat' dir='ltr'>genium</span> <span class='ocrx_word' id='word_1_259' title='bbox 1219 3374 1261 3424; x_wconf 73' lang='lat' dir='ltr'>ng·</span> 
     </span>
     <span class='ocr_line' id='line_1_33' title="bbox 152 3420 1261 3487; baseline 0.006 -19"><span class='ocrx_word' id='word_1_260' title='bbox 152 3422 224 3482; x_wconf 90' lang='lat' dir='ltr'>phum</span> <span class='ocrx_word' id='word_1_261' title='bbox 235 3423 289 3470; x_wconf 79' lang='lat' dir='ltr'>laetu</span> <span class='ocrx_word' id='word_1_262' title='bbox 299 3427 322 3469; x_wconf 88' lang='lat' dir='ltr'>et</span> <span class='ocrx_word' id='word_1_263' title='bbox 332 3421 454 3469; x_wconf 84' lang='lat' dir='ltr'>licentiose</span> <span class='ocrx_word' id='word_1_264' title='bbox 464 3420 626 3469; x_wconf 78' lang='lat' dir='ltr'>seelrmstione</span> <span class='ocrx_word' id='word_1_265' title='bbox 640 3435 695 3482; x_wconf 87' lang='lat' dir='ltr'>pro·</span> <span class='ocrx_word' id='word_1_266' title='bbox 721 3436 799 3482; x_wconf 81' lang='lat' dir='ltr'>gerem</span> <span class='ocrx_word' id='word_1_267' title='bbox 813 3421 843 3468; x_wconf 84' lang='lat' dir='ltr'>sd</span> <span class='ocrx_word' id='word_1_268' title='bbox 856 3437 919 3470; x_wconf 83' lang='lat' dir='ltr'>mare</span> <span class='ocrx_word' id='word_1_269' title='bbox 929 3425 1017 3471; x_wconf 82' lang='lat' dir='ltr'>vellum</span> <span class='ocrx_word' id='word_1_270' title='bbox 1027 3424 1129 3472; x_wconf 87' lang='lat' dir='ltr'>nondum</span> <span class='ocrx_word' id='word_1_271' title='bbox 1138 3440 1192 3473; x_wconf 84' lang='lat' dir='ltr'>esse</span> <span class='ocrx_word' id='word_1_272' title='bbox 1205 3439 1261 3487; x_wconf 84' lang='lat' dir='ltr'>per·</span> 
     </span>
     <span class='ocr_line' id='line_1_34' title="bbox 153 3484 1263 3551; baseline 0.005 -18"><span class='ocrx_word' id='word_1_273' title='bbox 153 3485 229 3548; x_wconf 84' lang='lat' dir='ltr'>s&#39;equi,</span> <span class='ocrx_word' id='word_1_274' title='bbox 245 3503 320 3547; x_wconf 88' lang='lat' dir='ltr'>neque</span> <span class='ocrx_word' id='word_1_275' title='bbox 340 3486 415 3549; x_wconf 82' lang='lat' dir='ltr'>spolia</span> <span class='ocrx_word' id='word_1_276' title='bbox 433 3486 489 3535; x_wconf 83' lang='lat' dir='ltr'>Jovi</span> <span class='ocrx_word' id='word_1_277' title='bbox 506 3484 640 3545; x_wconf 84' lang='lat' dir='ltr'>Capitolino</span> <span class='ocrx_word' id='word_1_278' title='bbox 658 3500 695 3531; x_wconf 89' lang='lat' dir='ltr'>re·</span> <span class='ocrx_word' id='word_1_279' title='bbox 720 3485 815 3542; x_wconf 78' lang='lat' dir='ltr'>leolum,</span> <span class='ocrx_word' id='word_1_280' title='bbox 830 3486 956 3548; x_wconf 77' lang='lat' dir='ltr'>sagittariis</span> <span class='ocrx_word' id='word_1_281' title='bbox 971 3488 1132 3551; x_wconf 79' lang='lat' dir='ltr'>militibusque</span> <span class='ocrx_word' id='word_1_282' title='bbox 1142 3490 1196 3539; x_wconf 82' lang='lat' dir='ltr'>nusi</span> <span class='ocrx_word' id='word_1_283' title='bbox 1206 3490 1263 3539; x_wconf 83' lang='lat' dir='ltr'>mis·</span> 
     </span>
     <span class='ocr_line' id='line_1_35' title="bbox 152 3549 1262 3619; baseline 0.006 -21"><span class='ocrx_word' id='word_1_284' title='bbox 152 3551 215 3600; x_wconf 73' lang='lat' dir='ltr'>ferre</span> <span class='ocrx_word' id='word_1_285' title='bbox 236 3552 364 3614; x_wconf 76' lang='lat' dir='ltr'>continget,</span> <span class='ocrx_word' id='word_1_286' title='bbox 380 3551 515 3613; x_wconf 86' lang='lat' dir='ltr'>qnodbello</span> <span class='ocrx_word' id='word_1_287' title='bbox 527 3549 592 3599; x_wconf 77' lang='lat' dir='ltr'>civili</span> <span class='ocrx_word' id='word_1_288' title='bbox 602 3549 696 3598; x_wconf 78' lang='lat' dir='ltr'>vinosu-</span> <span class='ocrx_word' id='word_1_289' title='bbox 722 3549 765 3608; x_wconf 86' lang='lat' dir='ltr'>sis,</span> <span class='ocrx_word' id='word_1_290' title='bbox 781 3552 822 3613; x_wconf 93' lang='lat' dir='ltr'>qui</span> <span class='ocrx_word' id='word_1_291' title='bbox 842 3552 995 3601; x_wconf 85' lang='lat' dir='ltr'>munitionum</span> <span class='ocrx_word' id='word_1_292' title='bbox 1014 3554 1147 3605; x_wconf 77' lang='lat' dir='ltr'>defensores</span> <span class='ocrx_word' id='word_1_293' title='bbox 1160 3570 1175 3602; x_wconf 83' lang='lat' dir='ltr'>s</span> <span class='ocrx_word' id='word_1_294' title='bbox 1192 3562 1262 3619; x_wconf 76' lang='lat' dir='ltr'>tergo</span> 
     </span>
     <span class='ocr_line' id='line_1_36' title="bbox 153 3615 1264 3684; baseline 0.005 -20"><span class='ocrx_word' id='word_1_295' title='bbox 153 3615 217 3664; x_wconf 83' lang='lat' dir='ltr'>tibus</span> <span class='ocrx_word' id='word_1_296' title='bbox 228 3623 337 3679; x_wconf 76' lang='lat' dir='ltr'>uegetum</span> <span class='ocrx_word' id='word_1_297' title='bbox 347 3623 391 3664; x_wconf 84' lang='lat' dir='ltr'>est.</span> <span class='ocrx_word' id='word_1_298' title='bbox 408 3617 459 3664; x_wconf 87' lang='lat' dir='ltr'>Vul.</span> <span class='ocrx_word' id='word_1_299' title='bbox 474 3618 540 3664; x_wconf 78' lang='lat' dir='ltr'>Max.</span> <span class='ocrx_word' id='word_1_300' title='bbox 721 3622 836 3677; x_wconf 85' lang='lat' dir='ltr'>peterent,</span> <span class='ocrx_word' id='word_1_301' title='bbox 852 3617 903 3679; x_wconf 88' lang='lat' dir='ltr'>ipse</span> <span class='ocrx_word' id='word_1_302' title='bbox 914 3617 989 3679; x_wconf 76' lang='lat' dir='ltr'>prima</span> <span class='ocrx_word' id='word_1_303' title='bbox 1004 3618 1056 3666; x_wconf 80' lang='lat' dir='ltr'>luce</span> <span class='ocrx_word' id='word_1_304' title='bbox 1065 3635 1119 3667; x_wconf 86' lang='lat' dir='ltr'>eum</span> <span class='ocrx_word' id='word_1_305' title='bbox 1133 3620 1209 3684; x_wconf 74' lang='lat' dir='ltr'>eopi&#39;m</span> <span class='ocrx_word' id='word_1_306' title='bbox 1225 3636 1264 3670; x_wconf 72' lang='lat' dir='ltr'>se·</span> 
     </span>
     <span class='ocr_line' id='line_1_37' title="bbox 187 3677 1264 3747; baseline 0.007 -20"><span class='ocrx_word' id='word_1_307' title='bbox 187 3682 243 3731; x_wconf 89' lang='grc'>262.</span> <span class='ocrx_word' id='word_1_308' title='bbox 263 3681 385 3728; x_wconf 73' lang='grc' dir='ltr'><em>Βοηήηωη</em></span> <span class='ocrx_word' id='word_1_309' title='bbox 410 3683 495 3730; x_wconf 68' lang='lat' dir='ltr'>mature</span> <span class='ocrx_word' id='word_1_310' title='bbox 519 3681 615 3742; x_wconf 74' lang='lat' dir='ltr'>parasti,</span> <span class='ocrx_word' id='word_1_311' title='bbox 638 3677 696 3741; x_wconf 85' lang='lat' dir='ltr'>&amp;e.]</span> <span class='ocrx_word' id='word_1_312' title='bbox 722 3680 801 3729; x_wconf 78' lang='lat' dir='ltr'>cessit.</span> <span class='ocrx_word' id='word_1_313' title='bbox 818 3683 924 3731; x_wconf 76' lang='lat' dir='ltr'>cohortes</span> <span class='ocrx_word' id='word_1_314' title='bbox 940 3683 1018 3746; x_wconf 71' lang='lat' dir='ltr'>itaque</span> <span class='ocrx_word' id='word_1_315' title='bbox 1038 3683 1146 3741; x_wconf 70' lang='lat' dir='ltr'>cesarii,</span> <span class='ocrx_word' id='word_1_316' title='bbox 1162 3692 1215 3747; x_wconf 73' lang='lat' dir='ltr'>quta</span> <span class='ocrx_word' id='word_1_317' title='bbox 1232 3686 1264 3735; x_wconf 72' lang='lat' dir='ltr'>nd</span> 
     </span>
     <span class='ocr_line' id='line_1_38' title="bbox 155 3743 1263 3815; baseline 0.006 -23"><span class='ocrx_word' id='word_1_318' title='bbox 155 3744 226 3792; x_wconf 86' lang='lat' dir='ltr'>Dion.</span> <span class='ocrx_word' id='word_1_319' title='bbox 244 3748 323 3794; x_wconf 68' lang='grc' dir='ltr'><strong>πολλὴν</strong></span> <span class='ocrx_word' id='word_1_320' title='bbox 338 3745 429 3794; x_wconf 69' lang='grc' dir='ltr'>σπουδὴν</span> <span class='ocrx_word' id='word_1_321' title='bbox 439 3746 510 3811; x_wconf 70' lang='grc' dir='ltr'><strong>ὥσπερ</strong></span> <span class='ocrx_word' id='word_1_322' title='bbox 524 3743 579 3794; x_wconf 71' lang='lat' dir='ltr'>rori</span> <span class='ocrx_word' id='word_1_323' title='bbox 590 3743 648 3808; x_wconf 68' lang='lat' dir='ltr'>berig</span> <span class='ocrx_word' id='word_1_324' title='bbox 659 3746 698 3798; x_wconf 70' lang='grc' dir='ltr'>τῆς</span> <span class='ocrx_word' id='word_1_325' title='bbox 722 3760 785 3792; x_wconf 82' lang='lat' dir='ltr'>mere</span> <span class='ocrx_word' id='word_1_326' title='bbox 803 3748 968 3805; x_wconf 82' lang='lat' dir='ltr'>exeubueruut,</span> <span class='ocrx_word' id='word_1_327' title='bbox 984 3755 1048 3797; x_wconf 84' lang='lat' dir='ltr'>terre</span> <span class='ocrx_word' id='word_1_328' title='bbox 1060 3750 1164 3811; x_wconf 83' lang='lat' dir='ltr'>merique</span> <span class='ocrx_word' id='word_1_329' title='bbox 1174 3764 1263 3815; x_wconf 70' lang='lat' dir='ltr'>presso</span> 
     </span>
     <span class='ocr_line' id='line_1_39' title="bbox 154 3807 1264 3877; baseline 0.007 -21"><span class='ocrx_word' id='word_1_330' title='bbox 154 3807 277 3875; x_wconf 69' lang='lat' dir='ltr'>itrviqlac,</span> <span class='ocrx_word' id='word_1_331' title='bbox 300 3808 355 3857; x_wconf 69' lang='lat' dir='ltr'>eive</span> <span class='ocrx_word' id='word_1_332' title='bbox 376 3810 427 3858; x_wconf 70' lang='grc' dir='ltr'>τότε</span> <span class='ocrx_word' id='word_1_333' title='bbox 444 3815 504 3859; x_wconf 67' lang='grc' dir='ltr'>κατὰ</span> <span class='ocrx_word' id='word_1_334' title='bbox 528 3813 567 3865; x_wconf 66' lang='lat' dir='ltr'>ric</span> <span class='ocrx_word' id='word_1_335' title='bbox 587 3813 629 3856; x_wconf 63' lang='lat' dir='ltr'>ets</span> <span class='ocrx_word' id='word_1_336' title='bbox 646 3807 698 3856; x_wconf 77' lang='grc' dir='ltr'>Ῥω·</span> <span class='ocrx_word' id='word_1_337' title='bbox 723 3818 790 3873; x_wconf 81' lang='lat' dir='ltr'>terge</span> <span class='ocrx_word' id='word_1_338' title='bbox 805 3819 907 3870; x_wconf 78' lang='lat' dir='ltr'>vertum,</span> <span class='ocrx_word' id='word_1_339' title='bbox 923 3828 980 3874; x_wconf 79' lang='lat' dir='ltr'>ques</span> <span class='ocrx_word' id='word_1_340' title='bbox 996 3813 1133 3877; x_wconf 75' lang='lat' dir='ltr'>Pompeiani</span> <span class='ocrx_word' id='word_1_341' title='bbox 1145 3829 1192 3863; x_wconf 84' lang='lat' dir='ltr'>non</span> <span class='ocrx_word' id='word_1_342' title='bbox 1212 3816 1264 3865; x_wconf 82' lang='lat' dir='ltr'>sine</span> 
     </span>
     <span class='ocr_line' id='line_1_40' title="bbox 154 3871 1265 3942; baseline 0.008 -21"><span class='ocrx_word' id='word_1_343' title='bbox 154 3871 326 3937; x_wconf 60' lang='grc' dir='ltr'>μὶωδονλιίας</span> <span class='ocrx_word' id='word_1_344' title='bbox 339 3876 463 3938; x_wconf 76' lang='grc' dir='ltr'>ποιοῦμινοι.</span> <span class='ocrx_word' id='word_1_345' title='bbox 494 3875 558 3925; x_wconf 83' lang='lat' dir='ltr'>Grot.</span> <span class='ocrx_word' id='word_1_346' title='bbox 575 3875 698 3923; x_wconf 71' lang='lat' dir='ltr'>Dominum</span> <span class='ocrx_word' id='word_1_347' title='bbox 724 3877 797 3924; x_wconf 84' lang='lat' dir='ltr'>multu</span> <span class='ocrx_word' id='word_1_348' title='bbox 812 3877 985 3927; x_wconf 70' lang='lat' dir='ltr'>ooedeiussomi</span> <span class='ocrx_word' id='word_1_349' title='bbox 996 3886 1050 3927; x_wconf 86' lang='lat' dir='ltr'>sunt</span> <span class='ocrx_word' id='word_1_350' title='bbox 1066 3880 1265 3942; x_wconf 69' lang='lat' dir='ltr'>nmueudomrru</span> 
     </span>
     <span class='ocr_line' id='line_1_41' title="bbox 155 3938 1265 4003; baseline 0.006 -15"><span class='ocrx_word' id='word_1_351' title='bbox 155 3942 242 3988; x_wconf 66' lang='lat' dir='ltr'>anate</span> <span class='ocrx_word' id='word_1_352' title='bbox 259 3939 366 4003; x_wconf 75' lang='lat' dir='ltr'>parasti]</span> <span class='ocrx_word' id='word_1_353' title='bbox 383 3938 500 3989; x_wconf 80' lang='lat' dir='ltr'>Invidisse.</span> <span class='ocrx_word' id='word_1_354' title='bbox 518 3943 644 3998; x_wconf 75' lang='lat' dir='ltr'>Gressrem,</span> <span class='ocrx_word' id='word_1_355' title='bbox 660 3940 699 3988; x_wconf 83' lang='lat' dir='ltr'>oni</span> <span class='ocrx_word' id='word_1_356' title='bbox 725 3941 914 3990; x_wconf 64' lang='lat' dir='ltr'>Mareellinam</span> <span class='ocrx_word' id='word_1_357' title='bbox 924 3942 1099 3992; x_wconf 77' lang='lat' dir='ltr'>Antoniuseum</span> <span class='ocrx_word' id='word_1_358' title='bbox 1110 3944 1170 3992; x_wconf 84' lang='lat' dir='ltr'>XII.</span> <span class='ocrx_word' id='word_1_359' title='bbox 1180 3946 1265 3995; x_wconf 77' lang='lat' dir='ltr'>eohor-</span> 
     </span>
     <span class='ocr_line' id='line_1_42' title="bbox 153 4006 1264 4072; baseline 0.008 -20"><span class='ocrx_word' id='word_1_360' title='bbox 153 4019 197 4068; x_wconf 84' lang='lat' dir='ltr'>per</span> <span class='ocrx_word' id='word_1_361' title='bbox 216 4013 240 4053; x_wconf 91' lang='lat' dir='ltr'>te</span> <span class='ocrx_word' id='word_1_362' title='bbox 256 4007 331 4053; x_wconf 84' lang='lat' dir='ltr'>Rome</span> <span class='ocrx_word' id='word_1_363' title='bbox 348 4012 419 4065; x_wconf 88' lang='lat' dir='ltr'>tuque</span> <span class='ocrx_word' id='word_1_364' title='bbox 437 4007 489 4068; x_wconf 85' lang='lat' dir='ltr'>ipse</span> <span class='ocrx_word' id='word_1_365' title='bbox 509 4006 543 4055; x_wconf 89' lang='lat' dir='ltr'>sis</span> <span class='ocrx_word' id='word_1_366' title='bbox 562 4007 698 4054; x_wconf 85' lang='lat' dir='ltr'>serviturus.</span> <span class='ocrx_word' id='word_1_367' title='bbox 724 4006 788 4054; x_wconf 88' lang='lat' dir='ltr'>tibus</span> <span class='ocrx_word' id='word_1_368' title='bbox 803 4008 1021 4057; x_wconf 70' lang='lat' dir='ltr'>descendero-visus</span> <span class='ocrx_word' id='word_1_369' title='bbox 1036 4009 1192 4072; x_wconf 76' lang='lat' dir='ltr'>Pompeianos</span> <span class='ocrx_word' id='word_1_370' title='bbox 1199 4024 1264 4061; x_wconf 79' lang='lat' dir='ltr'>oon·</span> 
     </span>
     <span class='ocr_line' id='line_1_43' title="bbox 153 4067 1223 4138; baseline 0.006 -21"><span class='ocrx_word' id='word_1_371' title='bbox 153 4071 240 4118; x_wconf 76' lang='lat' dir='ltr'>Salust.</span> <span class='ocrx_word' id='word_1_372' title='bbox 258 4074 281 4116; x_wconf 92' lang='lat'>1.</span> <span class='ocrx_word' id='word_1_373' title='bbox 300 4070 367 4118; x_wconf 87' lang='lat' dir='ltr'>Hist.</span> <span class='ocrx_word' id='word_1_374' title='bbox 386 4067 462 4119; x_wconf 81' lang='lat' dir='ltr'>Victor</span> <span class='ocrx_word' id='word_1_375' title='bbox 479 4072 594 4127; x_wconf 66' lang='lat' dir='ltr'>exeatur,</span> <span class='ocrx_word' id='word_1_376' title='bbox 610 4072 648 4118; x_wconf 80' lang='lat' dir='ltr'>eoi</span> <span class='ocrx_word' id='word_1_377' title='bbox 656 4085 699 4132; x_wconf 80' lang='lat' dir='ltr'>per</span> <span class='ocrx_word' id='word_1_378' title='bbox 725 4072 819 4135; x_wconf 85' lang='lat' dir='ltr'>pressit.</span> <span class='ocrx_word' id='word_1_379' title='bbox 837 4070 975 4137; x_wconf 55' lang='lat' dir='ltr'>Pisana]</span> <span class='ocrx_word' id='word_1_380' title='bbox 992 4073 1096 4122; x_wconf 70' lang='lat' dir='ltr'>Marini</span> <span class='ocrx_word' id='word_1_381' title='bbox 1106 4080 1162 4122; x_wconf 71' lang='lat' dir='ltr'>uoto</span> <span class='ocrx_word' id='word_1_382' title='bbox 1170 4089 1223 4138; x_wconf 85' lang='lat' dir='ltr'>sup.</span> 
     </span>
     <span class='ocr_line' id='line_1_44' title="bbox 154 4135 1231 4201; baseline 0.006 -17"><span class='ocrx_word' id='word_1_383' title='bbox 154 4144 187 4184; x_wconf 85' lang='lat' dir='ltr'>tot</span> <span class='ocrx_word' id='word_1_384' title='bbox 199 4135 313 4183; x_wconf 67' lang='lat' dir='ltr'>labor-eset</span> <span class='ocrx_word' id='word_1_385' title='bbox 331 4136 427 4185; x_wconf 77' lang='lat' dir='ltr'>valuero</span> <span class='ocrx_word' id='word_1_386' title='bbox 441 4136 499 4184; x_wconf 78' lang='lat' dir='ltr'>nibil</span> <span class='ocrx_word' id='word_1_387' title='bbox 515 4144 600 4198; x_wconf 79' lang='lat' dir='ltr'>prater</span> <span class='ocrx_word' id='word_1_388' title='bbox 620 4144 698 4200; x_wconf 77' lang='lat' dir='ltr'>tyreu·</span> <span class='ocrx_word' id='word_1_389' title='bbox 734 4158 737 4165; x_wconf 92' lang='lat'>·</span> <span class='ocrx_word' id='word_1_390' title='bbox 759 4141 815 4189; x_wconf 82' lang='grc'>269.</span> <span class='ocrx_word' id='word_1_391' title='bbox 833 4136 929 4186; x_wconf 75' lang='lat' dir='ltr'>Geniai.</span> <span class='ocrx_word' id='word_1_392' title='bbox 959 4141 1032 4187; x_wconf 76' lang='lat' dir='ltr'>&#39;Perre</span> <span class='ocrx_word' id='word_1_393' title='bbox 1044 4139 1156 4201; x_wconf 80' lang='lat' dir='ltr'>marique,</span> <span class='ocrx_word' id='word_1_394' title='bbox 1171 4139 1231 4190; x_wconf 86' lang='lat' dir='ltr'>ibid.</span> 
     </span>
    </p>
   </div>
   <div class='ocr_carea' id='block_1_5' title="bbox 156 4200 1266 4315">
    <p class='ocr_par' dir='ltr' id='par_1_5' title="bbox 156 4200 1266 4315">
     <span class='ocr_line' id='line_1_45' title="bbox 156 4200 1266 4315; baseline 0.008 -67"><span class='ocrx_word' id='word_1_395' title='bbox 156 4216 212 4248; x_wconf 79' lang='lat' dir='ltr'>uum</span> <span class='ocrx_word' id='word_1_396' title='bbox 223 4200 340 4263; x_wconf 77' lang='lat' dir='ltr'>quesitum</span> <span class='ocrx_word' id='word_1_397' title='bbox 348 4205 388 4248; x_wconf 81' lang='lat' dir='ltr'>est.</span> <span class='ocrx_word' id='word_1_398' title='bbox 759 4205 814 4250; x_wconf 85' lang='grc'>270.</span> <span class='ocrx_word' id='word_1_399' title='bbox 832 4201 935 4315; x_wconf 57' lang='grc' dir='ltr'>6))ωῶ</span> <span class='ocrx_word' id='word_1_400' title='bbox 961 4203 1084 4261; x_wconf 84' lang='lat' dir='ltr'>thendit,</span> <span class='ocrx_word' id='word_1_401' title='bbox 1098 4203 1266 4257; x_wconf 74' lang='lat' dir='ltr'>latinsdiffuo-</span> 
     </span>
    </p>
   </div>
   <div class='ocr_carea' id='block_1_6' title="bbox 157 4262 1267 4464">
    <p class='ocr_par' dir='ltr' id='par_1_6' title="bbox 157 4262 1267 4464">
     <span class='ocr_line' id='line_1_46' title="bbox 190 4262 1267 4335; baseline 0.007 -22"><span class='ocrx_word' id='word_1_402' title='bbox 190 4269 245 4315; x_wconf 82' lang='grc'>263.</span> <span class='ocrx_word' id='word_1_403' title='bbox 264 4263 314 4313; x_wconf 87' lang='lat' dir='ltr'>Nec</span> <span class='ocrx_word' id='word_1_404' title='bbox 333 4263 404 4329; x_wconf 66' lang='lat' dir='ltr'>mugi</span> <span class='ocrx_word' id='word_1_405' title='bbox 422 4264 472 4322; x_wconf 78' lang='lat' dir='ltr'>lue,</span> <span class='ocrx_word' id='word_1_406' title='bbox 489 4262 548 4328; x_wconf 83' lang='lat' dir='ltr'>&amp;e.]</span> <span class='ocrx_word' id='word_1_407' title='bbox 572 4263 699 4328; x_wconf 81' lang='lat' dir='ltr'>Pompeius</span> <span class='ocrx_word' id='word_1_408' title='bbox 726 4267 768 4314; x_wconf 83' lang='lat' dir='ltr'>dit.</span> <span class='ocrx_word' id='word_1_409' title='bbox 786 4263 866 4330; x_wconf 75' lang='lat' dir='ltr'>Effuso</span> <span class='ocrx_word' id='word_1_410' title='bbox 935 4269 1059 4318; x_wconf 79' lang='lat' dir='ltr'>trentrria</span> <span class='ocrx_word' id='word_1_411' title='bbox 1074 4269 1171 4335; x_wconf 78' lang='lat' dir='ltr'>eampo]</span> <span class='ocrx_word' id='word_1_412' title='bbox 1196 4268 1267 4322; x_wconf 78' lang='lat' dir='ltr'>Prius</span> 
     </span>
     <span class='ocr_line' id='line_1_47' title="bbox 157 4329 1266 4402; baseline 0.009 -24"><span class='ocrx_word' id='word_1_413' title='bbox 157 4331 196 4378; x_wconf 82' lang='lat' dir='ltr'>bie</span> <span class='ocrx_word' id='word_1_414' title='bbox 207 4331 316 4395; x_wconf 84' lang='lat' dir='ltr'>repulsus</span> <span class='ocrx_word' id='word_1_415' title='bbox 325 4346 372 4378; x_wconf 86' lang='lat' dir='ltr'>nou</span> <span class='ocrx_word' id='word_1_416' title='bbox 385 4329 522 4388; x_wconf 84' lang='lat' dir='ltr'>desistebat,</span> <span class='ocrx_word' id='word_1_417' title='bbox 540 4331 613 4392; x_wconf 78' lang='lat' dir='ltr'>magis</span> <span class='ocrx_word' id='word_1_418' title='bbox 631 4346 698 4392; x_wconf 80' lang='lat' dir='ltr'>quum</span> <span class='ocrx_word' id='word_1_419' title='bbox 725 4332 915 4395; x_wconf 80' lang='lat' dir='ltr'>oireumsoriptus</span> <span class='ocrx_word' id='word_1_420' title='bbox 927 4342 997 4399; x_wconf 78' lang='lat' dir='ltr'>etque</span> <span class='ocrx_word' id='word_1_421' title='bbox 1011 4335 1117 4387; x_wconf 69' lang='lat' dir='ltr'>inoluit!</span> <span class='ocrx_word' id='word_1_422' title='bbox 1124 4335 1266 4402; x_wconf 67' lang='lat' dir='ltr'>wdetju</span> 
     </span>
     <span class='ocr_line' id='line_1_48' title="bbox 157 4393 1262 4464; baseline 0.005 -20"><span class='ocrx_word' id='word_1_423' title='bbox 157 4395 241 4446; x_wconf 73' lang='lat' dir='ltr'>fluum</span> <span class='ocrx_word' id='word_1_424' title='bbox 256 4394 327 4448; x_wconf 75' lang='lat' dir='ltr'>mstis</span> <span class='ocrx_word' id='word_1_425' title='bbox 343 4411 357 4445; x_wconf 80' lang='grc' dir='ltr'>ι</span> <span class='ocrx_word' id='word_1_426' title='bbox 374 4393 471 4459; x_wconf 77' lang='lat' dir='ltr'>scopulo</span> <span class='ocrx_word' id='word_1_427' title='bbox 486 4397 627 4459; x_wconf 75' lang='lat' dir='ltr'>reperemsi,</span> <span class='ocrx_word' id='word_1_428' title='bbox 643 4396 699 4458; x_wconf 81' lang='lat' dir='ltr'>quio</span> <span class='ocrx_word' id='word_1_429' title='bbox 723 4396 832 4448; x_wconf 85' lang='lat' dir='ltr'>liberiore</span> <span class='ocrx_word' id='word_1_430' title='bbox 840 4412 943 4464; x_wconf 77' lang='lat' dir='ltr'>campa·</span> <span class='ocrx_word' id='word_1_431' title='bbox 1225 4414 1233 4425; x_wconf 79' lang='lat'><em>⁶</em></span> <span class='ocrx_word' id='word_1_432' title='bbox 1259 4412 1262 4417; x_wconf 91' lang='grc'><strong>’</strong></span> 
     </span>
    </p>
   </div>
   <div class='ocr_carea' id='block_1_7' title="bbox 0 0 1417 4860">
    <p class='ocr_par' dir='ltr' id='par_1_7' title="bbox 0 0 1417 4860">
     <span class='ocr_line' id='line_1_49' title="bbox 0 0 1417 4860; baseline 0 0"><span class='ocrx_word' id='word_1_433' title='bbox 0 0 1417 4860; x_wconf 95' lang='lat' dir='ltr'> </span> 
     </span>
    </p>
   </div>
  </div>
 </body>
</html>
