2784 4860
139 328 208 427 a'ee
425 358 486 425 M..
523 358 728 426 huual
772 347 1008 429 Lucam.
1086 455 1100 468 ἱ

142 532 184 600 In
199 538 315 617 caput,
333 539 435 617 atque
451 533 544 598 oculi
559 535 685 598 laevum
700 535 878 603 deseendit
891 535 928 598 in
939 536 1089 623 orbem...

140 639 205 710 Ille
221 664 335 709 moras
349 644 440 721 ferri,
452 664 632 709 nervorum
643 650 677 709 et
691 644 830 709 vincula
839 646 978 729 rumpit,

140 753 291 818 Affixam
305 754 435 820 vellens
451 755 553 818 oculo
568 754 736 838 pendente
753 756 912 837 sagittam

140 865 347 952 Intrepidus,
361 866 533 948 telumque
549 885 612 929 suo
628 886 707 930 cum
721 866 848 931 lumine
863 867 987 954 calcat.

139 975 316 1040 Pannonis
330 977 423 1040 haud
438 977 536 1040 aliter
549 983 631 1060 post
645 978 751 1041 ictum
766 979 892 1044 saevior
909 997 1002 1056 ursa,
1036 1028 1041 1033 .
1185 974 1253 1041 220

139 1086 227 1154 Cum
237 1087 392 1172 jaculum
409 1107 517 1170 parva
532 1087 639 1170 Libys
655 1088 840 1152 amentavit
853 1087 999 1164 habena,

112 1198 115 1203 ’
139 1192 187 1263 Se
207 1205 297 1264 rotat
317 1200 354 1263 in
368 1199 512 1263 vrrlnus:
535 1199 708 1282 telumque
724 1200 811 1263 irata
824 1202 1000 1282 receptum

140 1310 290 1394 Impetit,
304 1314 338 1373 et
353 1328 470 1373 seeum
485 1308 669 1390 fugientem
685 1309 807 1373 circuit
820 1309 966 1374 hastam.

139 1419 340 1485 Perdiderat
357 1420 488 1483 vultum
503 1419 638 1484 rabies:
662 1421 755 1485 stetit
769 1421 875 1484 imbre
891 1423 1032 1509 cruento

140 1512 300 1598 Informis
315 1531 444 1594 facies:
467 1531 568 1594 laetus
583 1529 696 1612 fragor
712 1530 839 1594 aethera
852 1530 969 1613 pulsat
1183 1528 1254 1596 225

139 1641 338 1709 Victorum:
361 1640 494 1725 majora
505 1641 588 1706 viris
605 1641 647 1705 de
662 1642 826 1723 sanguine
840 1660 950 1724 parvo

139 1750 278 1816 Gaudia
287 1772 356 1815 non
367 1751 496 1815 faceret
507 1756 731 1835 conspectum
745 1752 782 1816 in
793 1750 932 1816 Caesare
944 1751 1080 1817 vulnus.

140 1861 204 1926 Ille
219 1868 336 1944 tegens
352 1863 422 1926 alta
437 1882 659 1946 suppressum
669 1868 781 1927 mente
793 1863 957 1940 dolorem,

140 1974 249 2053 Mitis,
262 1978 297 2039 et
311 1995 333 2038 a
347 1975 443 2039 vultu
458 1976 594 2058 penitus
605 1977 727 2040 virtute
742 1981 885 2052 remota,

140 2085 289 2162 Parcite,
306 2087 364 2163 ait,
380 2087 494 2150 cives:
517 2084 638 2169 procul
653 2086 731 2150 hinc
751 2086 892 2151 avertite
905 2085 1050 2150 ferrum:
1181 2083 1251 2151 2311

140 2195 316 2262 Collatura
330 2216 417 2260 meae
428 2196 477 2260 nil
492 2201 570 2260 sunt
578 2197 653 2279 jam
667 2197 808 2260 vulnera
824 2197 945 2260 morti:

140 2304 223 2371 Non
237 2311 313 2389 eget
327 2307 479 2388 ingestis,
504 2305 565 2370 sed
577 2307 686 2370 vulsis
701 2309 840 2389 pectore
854 2305 944 2370 telis.

138 2416 276 2494 Tollite,
292 2417 376 2481 etin
392 2416 510 2498 Magni
522 2417 693 2482 viventem
704 2417 821 2500 ponite
835 2416 976 2480 castris:

141 2581 190 2626 216
207 2579 263 2626 tuci.
379 2582 427 2626 217
443 2581 513 2640 rapat.
630 2581 678 2628 226
695 2591 780 2640 ereug.
896 2578 944 2624 228
960 2590 1096 2635 manuam,
1112 2589 1249 2636 coprem.

238 2647 286 2694 228
294 2642 409 2709 furerem.
508 2646 557 2692 230
565 2644 625 2704 jum.
725 2645 773 2691 230
790 2641 878 2691 bellam.
977 2641 1026 2694 233
1036 2641 1148 2706 imponite.
1215 2669 1229 2681 κ

174 2773 230 2818 216.
249 2770 349 2833 Orbem]
367 2771 477 2826 Oculum,
486 2776 512 2817 ut
521 2771 538 2816 l.
547 2774 570 2818 2.
578 2785 614 2817 va.
625 2775 680 2820 184.
707 2769 834 2830 unguinis.

139 2835 268 2893 calcinum,
285 2835 622 2896 inquoocolua.alterumilli
640 2851 682 2882 ex·
740 2837 789 2885 226
819 2831 952 2896 Victorum]
976 2832 1175 2895 Pompeianorum.
1193 2832 1251 2883 Ma

140 2899 550 2948 cussumfuisseocnlummeminere
562 2899 680 2947 Plutarch.
699 2901 755 2960 jora
776 2901 837 2955 viru,
865 2897 922 2961 δια]
947 2899 1001 2945 Non
1020 2899 1094 2947 minor
1112 2897 1143 2944 ad
1159 2899 1248 2948 auae·

141 2967 206 3013 Suet.
216 2965 318 3026 Appian.
707 2963 812 3011 sublatus
822 2969 859 3010 est
868 2964 981 3011 clamore
996 2961 1147 3024 Pompeianis
1159 2965 1248 3025 J'amse

146 3086 148 3090 .
174 3032 229 3078 217.
248 3028 410 3093 Monesen,
438 3027 494 3091 δια]
521 3028 623 3076 Oculum
636 3028 681 3076 cui
706 3028 794 3076 vicisse
810 3029 868 3075 ratis
888 3029 1007 3076 vulnerato
1026 3033 1117 3086 acaeva,
1139 3042 1210 3089 quam
1226 3028 1250 3076 ci

140 3090 213 3142 infixa
224 3100 272 3141 erat
283 3095 375 3155 sagitta,
391 3093 467 3155 ruptis
475 3094 554 3141 nervis
565 3093 681 3156 cumipse
706 3092 784 3155 ipsum
794 3093 909 3140 Caesarem
917 3094 1083 3141 vulnerassent.

140 3156 188 3209 tela
208 3159 293 3208 educit.
326 3157 421 3206 Vincula
440 3157 546 3220 rumpit]
562 3159 681 3206 Nervosaa
739 3160 794 3205 228.
813 3156 940 3221 Iltetegeru
949 3159 1006 3216 ulte,
1021 3156 1080 3220 dra]
1097 3155 1153 3203 Hoc
1171 3157 1248 3220 Appi·

140 3224 240 3281 redicas,
252 3225 335 3284 quibua
352 3225 433 3285 oculus
443 3223 579 3271 continetur.
597 3222 680 3285 Sulpit.
706 3237 763 3271 anne
772 3223 843 3270 refert
854 3224 914 3270 bunc
925 3223 950 3270 iu
965 3223 1067 3270 modum.
1084 3221 1175 3279 Scaeva,
1191 3229 1250 3285 poet

174 3292 231 3340 219.
249 3287 449 3350 Lamineatcat]
468 3288 550 3336 Oculo.
705 3287 778 3333 multa
788 3293 812 3334 et
823 3287 934 3348 praeclara
945 3288 1047 3335 facinora
1065 3285 1137 3342 edila,
1154 3288 1248 3337 oudin

174 3358 230 3406 220.
247 3351 381 3414 Portunata]
409 3351 679 3413 Austriea,Hungariea.
706 3351 792 3412 sagitta
803 3353 903 3410 saueius,
920 3353 986 3400 velut
1000 3348 1120 3413 quippiam
1133 3351 1267 3410 dicturas,-

142 3418 314 3481 Haudaliter]
331 3420 385 3465 Non
401 3433 468 3465 secus
482 3417 566 3478 inquit,
581 3423 680 3465 ursata-
704 3415 842 3465 inmedium
859 3417 969 3479 prosiliit.
1002 3415 1108 3478 Pompeii
1126 3417 1249 3483 duetorem

139 3485 196 3540 tun,
213 3500 258 3545 quo
270 3485 391 3531 vulnerata
404 3491 449 3540 eat,
465 3482 562 3544 appetit.
580 3481 663 3544 Sulpit.
706 3482 820 3542 quondam
839 3481 953 3542 singulari
973 3481 1061 3532 viante
1079 3479 1198 3542 cognitum
1216 3482 1248 3531 ed

175 3552 230 3597 221.
249 3549 337 3611 Libya]
362 3551 464 3595 Venator
480 3547 576 3609 peritus,
600 3546 680 3609 quales
705 3561 731 3593 ee
750 3561 851 3608 rocme3
868 3547 949 3606 Serva,
966 3545 1049 3608 iuquit,
1072 3545 1116 3593 tibi
1137 3545 1248 3604 similata

141 3615 210 3667 habet
230 3615 311 3674 Libye.
330 3611 478 3675 Ameateoit]
496 3612 550 3658 Hoc
565 3619 609 3667 est,
622 3611 681 3673 jecit
705 3625 773 3657 serva
784 3611 882 3659 amicum
900 3627 928 3658 ac
946 3619 1065 3658 curatores
1081 3609 1139 3658 mihi
1153 3611 1248 3670 adhibe,

93 3678 96 3686 '
140 3696 172 3728 ex
184 3687 275 3726 amento
291 3694 332 3724 eeu
341 3679 415 3739 ligula
426 3694 477 3739 qua
489 3677 534 3724 telo
547 3677 679 3724 innectitur.
704 3674 813 3736 quoniam
823 3677 919 3724 vulnere
936 3676 1031 3737 affligor.
1064 3674 1248 3727 decurrentibus

141 3744 256 3806 Habeaa]
273 3744 378 3790 Amento.
397 3743 460 3805 Sulp.
477 3742 680 3790 Anacutavitbabe-
705 3740 734 3786 ad
744 3739 810 3787 illum
821 3741 895 3790 veluti
902 3741 1044 3802 tranfugam
1054 3740 1248 3791 duobuael’oer·

140 3807 192 3872 au.]
209 3808 394 3856 Amentotoreit.
625 3839 626 3843 ,
704 3804 760 3873 peii·
774 3807 888 3862 exercitu,
906 3820 979 3852 nuum
1000 3819 1124 3866 aggresuu
1147 3804 1246 3865 cecidit,

174 3877 230 3933 222.
248 3874 276 3921 Se
287 3874 381 3920 rotatio
392 3872 495 3936 vulnus]
513 3873 543 3919 Se
552 3878 630 3920 rotans
640 3885 680 3918 co·
705 3869 800 3919 alteriue
815 3871 935 3919 humerum
949 3885 1005 3918 enee
1021 3869 1125 3932 trajecit,
1138 3868 1185 3920 &a
1201 3870 1247 3923 111).4

140 3947 207 3989 natur
218 3939 318 3987 evellere
330 3939 437 3999 sagittam
453 3937 520 3984 lateri
530 3938 662 3985 haerentem.
705 3936 730 3984 3.
739 3936 769 3982 de
779 3935 834 3984 bell.
846 3935 893 3984 civ.

174 3999 230 4053 228,
248 4001 358 4066 lupata]
376 4001 573 4059 hradit.Secum
581 4000 681 4066 fugien-
738 4002 795 4050 229.
811 3999 866 4049 Etu
876 4000 951 4057 vulta,
961 3997 1019 4063 aa]
1036 3998 1250 4063 commententur·

141 4071 204 4135 tera]
222 4072 280 4130 Qnae
291 4083 369 4114 secum
381 4066 538 4114 convertitur:
555 4068 594 4115 vel
611 4082 680 4128 quarn
705 4066 794 4113 vultum
806 4066 836 4114 ad
850 4064 1033 4115 misericordiam
1047 4065 1251 4117 semovenda«

140 4137 231 4198 lugiens
240 4137 292 4181 fert.
312 4131 418 4195 Circuit]
436 4132 566 4180 Gireuendo
584 4138 681 4179 conatur
706 4130 791 4191 Salpia

139 4201 289 4264 apprendere.
306 4197 388 4257 saepit.
739 4198 795 4244 231.
813 4195 929 4244 cubaea
948 4209 1011 4254 mea,
1027 4192 1085 4258 deo]
1111 4192 1179 4244 Nihil
1202 4195 1250 4245 ad·-

173 4269 230 4315 224.
248 4264 383 4311 Perdiderat
403 4260 491 4306 cubam
511 4258 603 4322 rabia]
623 4260 680 4309 Vul-
705 4259 790 4319 ditata,
806 4277 854 4310 non
872 4262 1006 4326 profectura
1025 4261 1056 4310 ad
1072 4267 1170 4309 mortem
1187 4267 1248 4311 net
1316 4258 1320 4265 ’

139 4337 178 4379 tus
188 4334 328 4395 Seoev'aenon
338 4341 387 4388 pree
398 4325 520 4372 referebat
530 4324 633 4386 priorem
644 4341 681 4374 ra-
704 4326 751 4374 tela
766 4326 864 4389 injecta:
881 4327 961 4378 erutae
976 4325 1056 4401 potius
1070 4325 1174 4379 emittm
1192 4324 1252 4377 anit.

139 4397 209 4446 hiem,
228 4393 365 4459 Hypulluge.
383 4390 484 4439 &wate
498 4389 586 4456 antra]
603 4390 681 4440 Fluxa
704 4407 772 4439 mm.
1163 4402 1170 4415 ·
1226 4422 1250 4443 .-
