2784 4860
140 345 190 431 aa.
254 290 260 296 ⁸
410 333 460 411 ru.
505 340 709 433 annau
753 333 976 417 suosnu

141 519 302 606 Rupibus
317 507 483 596 incubuit,
499 495 640 582 curvato
654 514 776 579 robore
797 531 927 596 pressae
1183 507 1251 584 390

142 624 201 700 Fit
214 650 331 707 sonus,
353 633 413 696 aut
425 647 541 703 rursus
557 627 730 692 redeuntis
748 625 785 689 in
805 624 932 688 aethera
946 623 1055 689 silvoe.

45 741 48 750 '
140 741 262 808 Caesar
282 745 320 805 ut
334 741 515 821 acceptum
528 741 599 801 tam
613 754 722 819 prono
742 734 848 797 milite
862 733 1001 809 bellum,

144 852 298 936 Fataque
313 849 399 914 serre
414 847 519 923 videt,
541 867 586 911 ne
600 865 669 929 quo
683 845 845 926 languore
859 849 1007 917 moretur

144 941 340 1038 Fortunam,
364 977 504 1044 sparsas
519 978 580 1042 per
595 956 734 1021 Gallica
746 974 825 1018 rura
836 955 993 1019 cohortes
1257 1031 1259 1034 Α

146 1073 290 1148 Evocat,
307 1075 341 1135 et
351 1069 499 1134 Romam
512 1067 615 1132 motis
630 1066 717 1150 petit
729 1064 879 1148 undique
901 1065 1018 1148 siguis.
1187 1064 1257 1136 396

148 1185 338 1250 Deseruere
355 1200 441 1247 cavo
457 1177 602 1244 tentoria
615 1177 687 1242 fixa
701 1176 864 1254 Lemano,

148 1293 337 1376 Castraque
352 1310 431 1377 quae
445 1287 577 1375 Vogesi
592 1307 732 1353 curvam
746 1307 849 1370 super
864 1288 971 1361 ardua
983 1307 1114 1372 rupem,

148 1404 330 1488 Pugnaces
344 1401 449 1486 pictis
464 1400 669 1465 cohibebant
689 1399 862 1482 Lingonas
882 1400 996 1465 armis.

151 1514 201 1581 Hi
216 1513 307 1579 vada
320 1513 490 1601 liquenmt
509 1511 628 1588 Isarae,
652 1509 711 1594 qui
726 1510 855 1592 gurgite
875 1510 997 1584 ductus

150 1622 424 1689 Pertammulta
438 1641 513 1698 suo,
535 1607 637 1685 famae
652 1619 991 1704 majorisiuamnem
1187 1621 1261 1700 400

152 1734 300 1818 Lapsae,
316 1733 360 1804 ad
376 1751 554 1815 aequoreas
568 1750 692 1803 nomen
712 1750 780 1793 non
800 1731 939 1812 pertulit
952 1731 1074 1796 undas.

153 1843 336 1909 Solvuntur
351 1841 433 1906 flavi
446 1843 550 1924 longa
564 1841 709 1907 statione
731 1839 899 1904 Rutheni:

100 1971 103 1977 ’
154 1953 252 2020 Mitis
267 1953 362 2018 Atax
381 1953 499 2017 Latias
514 1952 639 2034 gaudet
654 1971 723 2014 non
737 1950 823 2022 ferre
843 1950 988 2028 carinae,

155 2065 252 2151 Fipis
267 2070 301 2128 et
316 2063 498 2147 Hesperiae
519 2066 676 2146 promoto
693 2060 800 2123 limite
814 2058 949 2136 Varum,

168 2215 330 2276 390pondere.
363 2215 507 2263 391sonitus
517 2227 578 2259 rurs.
612 2214 660 2259 391
670 2206 760 2258 othere.
792 2212 840 2258 39⁷
853 2209 975 2275 casusque
990 2207 1074 2277 Vogesi.
1108 2216 1157 2264 891
1167 2215 1249 2278 ripen.

219 2293 411 2342 398cobibent'ur.
510 2293 558 2339 398
570 2289 691 2353 Lingones,
702 2287 805 2352 Ligoues.
872 2292 921 2339 403
931 2290 999 2338 Arar.
1066 2295 1116 2342 404
1125 2294 1203 2342 milite.
1260 2361 1264 2367 .

189 2421 246 2468 394.
259 2415 474 2480 Sparsosper‚&o.]
492 2415 697 2468 Hanoorationem
722 2423 876 2471 monumenta,
896 2433 946 2477 quae
962 2416 1014 2465 illio
1030 2419 1179 2468 effodiuntur.
1202 2418 1264 2467 Hor·

159 2482 277 2531 Ravennae
298 2483 400 2541 habitam
417 2482 498 2529 scribit
517 2482 595 2530 Caessr
610 2482 652 2528 lib.
674 2485 696 2528 1.
723 2482 814 2528 tensius.
834 2479 911 2544 Vogesi
927 2483 1041 2545 curvom]
1068 2485 1156 2531 Montis
1176 2486 1263 2532 laua-

160 2548 206 2595 civ.
218 2549 273 2596 bell.
291 2547 438 2607 Conclamant
448 2545 549 2611 (inquit)
560 2547 651 2611 legionis
661 2547 695 2595 de·
723 2546 814 2607 ringis,
832 2562 920 2606 exquo
936 2548 1004 2594 Mosa
1020 2549 1122 2608 profluit.
1151 2549 1219 2596 Most
1234 2549 1263 2598 (le

159 2612 698 2676 cimetertt'aequoadeantmilites(bonreoim
716 2609 825 2675 scuriles.
851 2611 924 2672 Super
943 2611 1018 2658 ardua
1033 2613 1134 2675 rupem]
1159 2615 1215 2662 Non
1231 2613 1265 2659 ri-

157 2678 224 2724 initio
231 2677 343 2725 tumultus
351 2685 486 2732 evocaverat,
495 2677 587 2738 reliquo
597 2676 697 2724 mum
722 2691 783 2736 pom.
807 2677 877 2721 Mons
895 2676 955 2722 enim
971 2678 1085 2737 Vogesus,
1104 2687 1128 2724 et
1145 2678 1169 2724 in
1185 2685 1265 2725 monte

159 2743 325 2803 munnam)
341 2756 386 2789 sese
399 2750 492 2802 paratos
503 2756 546 2789 esse
558 2739 701 2802 Imperatoris
726 2747 808 2788 castra.
833 2739 922 2800 Rupem
938 2756 981 2800 pro
992 2749 1070 2796 monte
1081 2742 1129 2796 dici
1140 2743 1265 2800 usitatissi-

160 2807 205 2863 sul,
217 2807 411 2867 Tribuuorurnpue
421 2806 457 2852 Pt.
465 2807 563 2867 irp'urt‘as
573 2805 701 2871 spicuam
726 2820 795 2851 mum.
808 2803 908 2852 Grotius.

162 2871 259 2934 Cognito
269 2872 368 2917 militum
379 2871 494 2924 uoluntate
505 2871 635 2917 Ariminum
650 2885 703 2916 cum
760 2871 817 2918 398.
846 2869 1001 2933 cohibebant]
1030 2871 1206 2931 Reprimehant,
1231 2887 1263 2920 ne

161 2934 449 2999 ealegtoueprrficiscitur:
467 2934 702 2998 ihiouellibuuosPl.
729 2934 785 2994 quid
799 2934 938 2980 molirentur.
957 2933 1002 2982 Ltn
1020 2936 1173 2999 moratu]
1188 2937 1266 2985 Celta-

162 2997 705 3064 quiudeumconfugerant‚conveuit,reliquos
729 3014 846 3059 rumpop.
859 2999 981 3060 lepoysde
1029 3016 1103 3064 egres.

162 3065 294 3128 legioneseo
305 3063 403 3112 bibernis
418 3073 501 3122 evocot,
514 3072 537 3111 et
552 3065 655 3126 subsequi
664 3067 706 3127 Ju·
762 3065 818 3112 399.
837 3063 922 3125 Isara]
946 3064 1029 3118 Galliae
1040 3064 1200 3113 Narbonensis
1210 3067 1266 3114 fluv.

103 3184 110 3200 1
162 3130 206 3178 ber,
731 3126 823 3192 lusere,
834 3127 909 3188 quiin
922 3129 1173 3189 Rhodanumiutluens,
1184 3129 1270 3189 emittit

197 3196 253 3242 396.
266 3193 392 3242 Deseruere
400 3210 462 3250 cavo,
475 3193 533 3257 δια]
550 3193 648 3243 Evocati
659 3192 707 3242 dis-
730 3209 821 3240 nomen.

166 3259 308 3319 cesserequi
324 3259 424 3306 tentoria
438 3260 537 3306 fixerant
548 3262 616 3320 juxta
631 3260 706 3306 laeum
763 3261 819 3305 400.
846 3257 921 3305 Fumo
939 3259 1048 3322 majoris]
1076 3262 1137 3308 Nam
1155 3261 1270 3308 Rhodano

168 3327 302 3373 brunnum.
329 3322 378 3370 Lac
395 3325 423 3371 de
447 3323 550 3371 Lemnos
568 3332 590 3372 et
609 3323 704 3371 Genese.
730 3323 1094 3372 mixtussrnittitsnumnomeu.

161 3387 708 3452 'Lersono.]11emanuslacusrhllobrogumest,
764 3391 820 3437 402.
846 3387 970 3434 Solvuntur
982 3389 1050 3453 flaui,
1069 3388 1126 3451 bre]
1154 3388 1270 3438 Praesirlio

168 3455 287 3502 Generm
309 3460 333 3499 et
354 3455 499 3500 husannsm
520 3455 589 3500 urbes
611 3453 708 3508 alluens,
733 3453 838 3499 Romarm
855 3453 976 3499 solvuntur
992 3455 1094 3502 Rhuteni
1107 3469 1162 3515 pop.
1177 3456 1271 3502 Narbo·

167 3517 352 3577 Rhodanumque
370 3517 520 3578 impermistis
545 3518 610 3578 aquis
633 3525 708 3572 trans·
732 3516 1086 3582 uenusGalliae‚deRouvergne.
1096 3518 1273 3577 heriensibus,

170 3581 274 3630 mittens.
307 3581 400 3629 Plinius
407 3582 583 3639 intermiracula
591 3582 709 3630 fluminum
733 3582 769 3629 vel
781 3583 899 3647 epitheton
910 3583 1023 3632 aratione
1034 3584 1140 3630 nominis.

168 3653 276 3694 recenset
295 3647 357 3706 quod
376 3647 485 3694 Rhodani
505 3648 585 3702 dulces
600 3662 665 3707 aquae
684 3647 709 3694 in
765 3651 821 3695 403.
840 3647 899 3694 Aras
913 3645 1107 3711 Latiasgoudet]
1131 3648 1166 3695 ΡΙ.
1182 3664 1213 3696 ex
1224 3648 1273 3711 Ρ]-

172 3712 276 3758 Lemano
287 3711 339 3757 lecu
349 3719 502 3772 supernatent.
519 3711 623 3766 Horteus.
733 3727 811 3762 reuaeo
832 3719 905 3772 ortus,
930 3712 1003 3760 Aude.
1023 3728 1070 3768 uon
1087 3713 1186 3760 ulterius
1204 3713 1274 3760 habet
1360 3760 1362 3764 ,

203 3776 260 3824 397.
281 3773 389 3884 Vogesi}
401 3777 508 3836 Vogesus
528 3777 578 3823 sive
599 3779 711 3837 Mosegus
735 3773 805 3823 naves
818 3777 885 3824 Rom.
898 3773 1142 3840 Nonferrecoriuos]
1167 3778 1273 3835 Nonna7

174 3840 271 3895 rectius,
281 3839 321 3900 qui
331 3847 355 3886 et
388 3855 463 3888 osseus
477 3840 619 3888 anonnullis
632 3844 711 3902 appel·
735 3840 958 3901 vigeriamilitibus
970 3841 1088 3888 Romanis.

172 3905 241 3960 latur,
258 3904 382 3951 infinibus
400 3905 541 3966 Lingonum,
558 3906 621 3952 unde
637 3907 711 3953 Mosae
768 3903 956 3966 aosstlespeta
966 3915 1065 3967 promoto
1078 3904 1170 3968 limite]
1191 3906 1275 3954 Prola-

173 3971 252 4019 tonus
261 3969 393 4024 decurrunt,
403 3970 464 4015 haud
474 3971 555 4030 procul
567 3987 581 4016 a
589 3972 652 4019 fonte
661 3973 712 4018 Ma·
736 3970 767 4017 tis
778 3971 852 4017 ltalioe
861 3969 953 4026 linibus,
965 3988 1015 4035 quae
1024 3971 1080 4018 olim
1088 3971 1214 4031 angustior.
1226 3971 1276 4032 Alii

175 4048 253 4082 oronoe
270 4033 378 4080 fluminis.
414 4032 507 4081 Vocetus
515 4035 598 4083 Tacito
615 4035 640 4082 in
654 4037 712 4083 Hel·
736 4036 783 4096 leg.
794 4034 872 4080 milite.
885 4033 988 4097 Limite]
1009 4038 1047 4082 lta
1061 4036 1216 4092 scribendum,
1228 4052 1276 4084 non

175 4097 245 4156 retiis
269 4104 316 4145 ast:
357 4099 386 4144 ad
415 4101 481 4157 cujus
504 4101 591 4146 montis
612 4101 713 4147 radicem
737 4100 815 4146 milite.
848 4099 961 4146 Promoto
976 4101 1051 4147 limite
1061 4096 1104 4156 eit,
1120 4099 1219 4160 prolatis
1229 4101 1276 4147 lta·

176 4168 245 4217 retus
261 4162 373 4223 oppidum
386 4161 530 4211 Vindonissa
545 4164 598 4219 luit,
614 4166 714 4225 posteris
738 4165 775 4210 llas
791 4163 889 4224 finibus3
904 4180 956 4225 quse
970 4165 1027 4210 olim
1044 4166 1172 4226 augustior.
1196 4165 1276 4212 uort-

177 4227 320 4288 temposibus
335 4229 364 4273 ab
378 4227 511 4279 Alemannis
522 4229 628 4275 Rhenum
641 4237 714 4276 trans·
738 4244 806 4277 onem
828 4229 886 4276 hano
906 4245 937 4275 ex
955 4232 1087 4290 cenjactnra
1107 4230 1158 4278 sols
1175 4245 1191 4276 s
1207 4230 1296 4279 nohis.
1342 4247 1344 4250 ’

179 4291 275 4356 gressis,
291 4291 325 4349 its
343 4298 440 4346 vastata,
455 4300 482 4339 ut
498 4308 528 4340 ne
548 4291 649 4352 vestigia
665 4297 715 4355 ejus
738 4294 847 4354 positam,
856 4293 974 4341 confimat
984 4294 1054 4344 idem.
1066 4296 1117 4342 MS.
1128 4297 1224 4342 Putean.
1237 4294 1277 4356 qui

178 4362 280 4426 exstent,
299 4350 385 4425 prpter
403 4356 550 4424 nomismata,
575 4357 717 4429 antiquitatis
741 4359 960 4424 disertesiohsbet.
977 4356 1042 4423 Grot
1061 4357 1155 4426 Verres]
1175 4357 1277 4435 Alpinug
1330 4423 1332 4427 ,
