2784 4860
283 450 292 465 .
341 361 584 429 eternis
613 330 795 431 nunna
842 363 957 432 nra.
993 367 1022 430 1.
1191 369 1232 431 ar

124 539 167 604 In
187 560 281 603 mare
300 539 364 603 sert
378 513 534 602 Ararim:
559 557 628 620 qua
642 537 814 602 montibus
830 538 937 623 ardua
953 539 1093 604 summis

123 649 218 715 Gens
233 651 366 715 habitat
381 669 468 713 cana
482 650 669 732 pendentes
683 669 768 733 rupe
784 648 987 714 Cebennas:
1168 650 1235 722 435

123 761 287 826 Pictones
302 762 468 826 immunes
484 761 644 842 subigunt
659 781 723 825 sua
737 781 835 839 nna3
858 782 922 852 nee
937 762 1026 826 ultra

122 872 308 936 Instabiles
327 872 484 935 Turonas
500 871 697 935 circumsita
712 877 825 935 castra
840 878 1008 940 coercent.

123 981 315 1046 lunebulis
332 981 507 1045 Meduana
520 981 588 1045 tuis
603 1001 753 1045 marcere
773 1001 917 1064 perosus

123 1090 258 1168 Andes,
275 1092 349 1175 jam
363 1092 503 1177 placida
518 1091 649 1173 Ligeris
669 1098 839 1156 recreatur
854 1094 898 1156 ab
914 1093 1016 1159 unda.

124 1204 260 1286 Inclyta
275 1203 444 1268 Caesareis
460 1203 623 1268 Genabos
639 1205 837 1268 dissolvitur
852 1205 929 1269 alis.
1168 1209 1233 1272 440

123 1314 180 1380 Tu
197 1336 332 1399 queque
348 1316 484 1379 laetatus
500 1316 651 1380 converti
666 1316 790 1398 proelia
811 1316 950 1380 Treuir:

125 1424 171 1490 Et
184 1445 274 1490 nunc
294 1431 391 1490 tense
408 1425 522 1506 Ligur,
546 1426 718 1508 quondam
732 1446 794 1510 per
809 1427 899 1492 cella
915 1427 1040 1494 decora

121 1534 285 1600 Crinibus
305 1533 421 1600 effusis
435 1536 498 1601 teti
515 1536 656 1619 praelate
672 1535 843 1602 Comatae:

124 1647 171 1711 Et
187 1649 310 1731 quibus
325 1647 464 1711 immitis
486 1648 642 1730 placatur
657 1648 819 1728 sanguine
835 1648 909 1712 dire

123 1757 299 1834 Teutates,
322 1758 528 1841 horrensque
544 1757 624 1821 feris
640 1754 803 1823 altaribus
825 1758 964 1838 Hesns3
1070 1845 1073 1852 ¹
1167 1761 1233 1832 445

159 1924 208 1970 436
222 1920 329 1967 Pictones
339 1921 445 1967 immanis
455 1920 548 1983 subigit.
582 1921 632 1966 437
639 1917 758 1966 Instabiles
768 1918 876 1974 Tricores,
888 1919 924 1966 eei
934 1918 1042 1969 Turones.
1075 1923 1233 1970 seruaret.

124 1997 167 2044 elii
179 2006 254 2044 eutem
267 1997 328 2044 inne
338 2013 426 2044 ensem
433 2005 569 2057 postponent
579 1997 686 2058 sequani.
700 1994 737 2042 ‘In
746 1997 840 2043 iieeetir.
885 1999 933 2044 438
944 1999 1007 2058 ripis.
1045 2001 1094 2048 438
1108 2000 1233 2055 Medaretle,

126 2074 255 2123 Meditare.
358 2073 511 2136 esurirem.»
596 2061 645 2123 440
658 2072 771 2120 Menabos.
805 2073 1103 2123 eliieetemltenceersnm
1117 2077 1232 2124 emittent.

124 2149 266 2214 saetiger.
331 2151 479 2200 artatae-e.
566 2153 616 2196 444
624 2149 737 2210 placeres.
1079 2168 1082 2176 ·
1119 2135 1122 2152 ’

129 2292 204 2353 Cinge
213 2298 326 2350 pererrat,
346 2289 402 2352 δια]
419 2291 455 2338 Fl.
466 2295 480 2336 'e
492 2290 612 2351 Pyrenaeis
622 2305 667 2336 nen
693 2285 767 2335 omnis
777 2287 821 2334 init
829 2289 932 2335 Comata.
968 2288 1086 2352 Cisalpina
1100 2291 1123 2336 in
1135 2308 1179 2352 qua
1190 2293 1232 2340 Li-

127 2355 517 2418 preculeNarbeuensipreriucia.
525 2356 584 2402 Caes.
592 2355 634 2401 lib.
644 2357 666 2400 1.
694 2368 761 2412 geres
772 2353 872 2413 primum
890 2361 1016 2413 pesuerunt
1032 2355 1138 2416 capillos,
1155 2373 1232 2420 sump-

128 2419 187 2467 belli
199 2419 245 2466 civ.
694 2425 816 2477 seruntque
830 2424 906 2478 togas,
926 2419 987 2465 unde
1004 2426 1028 2465 et
1047 2421 1138 2480 Togata
1152 2422 1230 2469 dicta:

160 2487 218 2534 433.
239 2482 369 2537 Rhodanus,
391 2481 448 2545 dre]
478 2483 511 2530 Le
534 2483 623 2530 Rhesne
642 2483 667 2529 iu
692 2481 845 2543 ‘l'rausalpina
860 2482 934 2529 omnis
952 2484 1055 2538 Comata,
1072 2488 1231 2544 praeterNar-

129 2565 197 2612 quem
209 2549 238 2596 ad
250 2548 389 2608 Lugdunum
397 2548 473 2595 influit
482 2552 545 2595 Aret.
558 2549 666 2596 leSeene.
693 2548 817 2594 benennam
827 2547 1039 2610 provinciamque
1049 2552 1160 2598 Brecceta
1168 2552 1232 2599 dicte

161 2616 218 2662 435.
237 2612 374 2675 Cebennas]
392 2615 494 2668 Montes,
502 2614 541 2674 qui
550 2618 668 2662 Arvernos
692 2613 774 2658 fuerat.
808 2612 869 2658 Plin.
879 2612 940 2658 libre
952 2617 975 2659 1.
987 2629 1038 2674 cap.
1054 2616 1094 2660 1⁷.
1109 2615 1184 2662 etlib.
1203 2619 1226 2664 3.

129 2681 160 2727 ab
174 2677 268 2726 Helviis
279 2677 421 2734 discludunt,
432 2677 528 2726 nivales.
692 2692 743 2736 cap.
755 2679 795 2723 44.
833 2677 892 2722 Sunt
903 2677 942 2738 qni
949 2677 1021 2740 Liger
1030 2678 1119 2739 legunt,
1127 2687 1152 2726 et
1160 2681 1232 2742 Lige-

162 2745 218 2792 436.
233 2739 357 2805 Pictdnes]
367 2744 475 2803 Quinque
486 2744 668 2790 hesversusma-
692 2741 725 2788 ris
734 2742 788 2788 fluv.
800 2741 891 2788 accolas
901 2742 1041 2803 intelligunt.

129 2808 242 2870 rescripti
254 2807 340 2868 antiqui
352 2824 430 2854 omnes
439 2823 485 2854 nee
494 2808 586 2854 babent.
621 2810 667 2855 Ita·
724 2807 781 2852 443.
800 2805 919 2868 Preiete]
937 2807 1004 2855 Dicit
1022 2807 1122 2870 Ligures
1133 2809 1230 2868 virtute,

128 2875 175 2935 qne
186 2872 279 2920 omnine
299 2873 409 2928 adducor,
428 2881 456 2920 ut'
466 2872 599 2932 adjectities
618 2889 667 2920 ere·
693 2872 797 2917 Cemetis
808 2870 925 2931 praelatos.
1187 2885 1190 2891 ·

129 2941 189 2986 dum.
224 2937 289 2985 Cret.
312 2936 436 2999 Pictones]
460 2937 591 2997 Aquitaniae
611 2954 673 3001 pop..
724 2938 781 2986 445.
800 2934 913 2993 Teutates,
930 2935 1021 2995 Heses3
1039 2929 1230 3003 et'TereeisScy'⁶
1323 2933 1327 2941 ’

128 3017 226 3065 querum
247 3002 313 3063 regie
333 3002 435 3049 Peictoe.
464 3001 586 3060 immunes,
610 3001 666 3066 δια]
692 3000 766 3056 ritca,
786 2999 843 3062 dic]
860 3002 999 3057 Mercurius,
1008 3003 1088 3051 Callis
1099 3005 1230 3060 Theutatis,

129 3069 223 3117 Amatis
233 3067 349 3130 praesidiis
360 3069 390 3114 R.
692 3065 813 3126 AEgyptiis
835 3065 923 3114 ΘΕὛΘ.
957 3067 1024 3114 Plato
1042 3068 1066 3114 in
1083 3069 1183 3117 Phaedre
1204 3078 1229 3116 et

161 3134 219 3183 437.
238 3130 359 3194 Turones]
372 3134 409 3179 Ita
417 3132 561 3192 reposuimus
571 3148 601 3178 ex
615 3133 665 3178 MS.
693 3131 798 3177 Philebo.
822 3132 872 3178 Cic.
894 3131 936 3178 lib.
955 3134 978 3179 3.
1001 3133 1031 3179 de
1054 3135 1136 3196 Natur.
1157 3137 1228 3182 Deer.

129 3215 177 3260 que
185 3213 240 3245 usus
249 3199 370 3251 Cantems,
376 3197 400 3243 in
409 3212 463 3259 que,
475 3195 581 3244 Turonos.
590 3199 667 3258 ,lijes-
693 3195 776 3241 Livius
786 3197 826 3242 lib.
838 3200 877 3244 36.
896 3200 1003 3244 Lactant.
1013 3198 1043 3244 de
1053 3199 1104 3245 fals.
1115 3199 1158 3245 rel.
1174 3216 1196 3251 c,
1206 3205 1229 3250 6.
1304 3228 1306 3232 =

130 3266 184 3312 dem
194 3262 250 3310 libri
262 3262 306 3309 lide
318 3263 379 3309 huuc
390 3277 481 3309 versum
489 3262 525 3308 illi
537 3261 566 3309 In
572 3263 667 3317 erebatis,
693 3262 781 3315 Hesus,
802 3261 853 3308 sive
874 3263 958 3319 Heus3
972 3263 1045 3318 Mers,
1063 3279 1131 3324 quem
1151 3278 1230 3326 asper·

129 3327 306 3390 praeposuimus,
323 3328 667 3388 sliqnonuucsonsu,quinnl-
691 3325 750 3371 rima
772 3327 894 3388 placavere
916 3327 1027 3385 culture;
1052 3343 1105 3374 netu
1126 3326 1228 3375 victimae

128 3393 166 3440 lus
176 3393 238 3440 uia.
256 3391 357 3440 Grotius.
370 3390 491 3453 Termine]
508 3395 611 3453 Quorum
623 3400 668 3440 ter-
693 3392 743 3450 ejus
751 3391 816 3437 fuere
827 3399 914 3438 meritos
923 3399 1051 3453 captorem.
1060 3394 1120 3438 Caes.
1132 3408 1192 3439 cem.
1205 3396 1229 3444 6.

128 3457 236 3506 titurium
246 3455 376 3514 Teereine3
392 3458 448 3504 urbs
460 3455 537 3504 Teers.
694 3455 723 3501 de
735 3456 779 3502 bel.
790 3456 841 3502 Gal.
853 3457 981 3504 demandes
992 3456 1033 3502 lib.
1043 3456 1072 3502 de
1083 3458 1132 3504 reb.
1144 3456 1228 3504 Gothi·

162 3525 219 3571 438.
237 3520 372 3578 Inrrebelis,
394 3520 451 3583 dre]
469 3523 501 3569 Et
515 3521 667 3582 Andegaren-
693 3519 735 3566 eis.
757 3520 859 3581 iupiter,
880 3521 947 3581 qnasi
968 3520 1081 3584 βρονταῖος,
1099 3520 1194 3578 Tenens,
1216 3538 1230 3570 a

134 3601 172 3634 ree
184 3603 197 3634 a
209 3585 375 3635 sentibusfluv.
391 3589 514 3634 Meduana
533 3587 553 3635 le
574 3587 667 3651 Meyne,
692 3586 774 3641 Talae,
791 3585 852 3646 qued
864 3585 950 3633 Wallis
962 3585 1079 3632 Britannis
1090 3587 1130 3647 qni
1142 3584 1229 3634 veterib

131 3659 227 3699 merent
237 3651 341 3712 Ligerim
351 3667 439 3699 versus.
452 3652 472 3699 ie
484 3651 563 3714 Lepre.
693 3650 789 3696 Callicae
798 3650 883 3711 linguae
895 3650 996 3711 vestigia
1014 3657 1037 3697 et
1053 3651 1163 3712 reliquias
1174 3652 1229 3697 reti-

160 3721 219 3766 439.
237 3716 337 3780 Andria]
354 3716 436 3764 Malim
447 3716 526 3764 Ande.
546 3718 607 3763 Nam
615 3716 666 3778 plu·
693 3714 1089 3779 nent(tenitresenat)utvidetur
1102 3717 1161 3763 Phil.
1174 3717 1229 3763 cru·
1269 3775 1270 3780 ¹

128 3781 177 3832 tale
189 3788 225 3828 est
235 3783 318 3828 Andes.
336 3781 439 3829 Grotius.
693 3780 758 3827 verie
767 3781 783 3828 l.
795 3783 818 3835 1.
830 3780 860 3827 de
871 3780 1007 3841 antiquitate
1019 3781 1157 3836 Gennauiae,
1176 3779 1227 3842 cap'.

162 3851 219 3896 440.
237 3844 357 3909 Genabos]
376 3847 464 3894 Eadem
478 3848 533 3892 urbs
550 3862 602 3908 quer
619 3849 666 3894 Ge·
693 3849 716 3894 9.
740 3845 787 3894 His
798 3846 902 3892 omnibns
918 3845 1008 3892 litatum
1020 3846 1125 3892 humanis
1135 3846 1229 3902 hestiis,

127 3913 214 3960 arabum
225 3911 286 3966 aliis,
302 3919 327 3958 ut
338 3911 405 3960 focile
417 3927 500 3972 genera
514 3919 631 3958 mutantur
641 3912 666 3958 in
693 3909 728 3956 uti
740 3909 822 3958 Dianae
833 3910 946 3957 Tauricae.
963 3911 1018 3957 ride
1037 3914 1097 3958 Cres.
1109 3910 1149 3958 lib.
1163 3914 1186 3958 6.
1198 3910 1228 3960 d'e

130 3977 261 4038 peregrinis
283 3975 386 4023 vecibus.
420 3978 457 4022 lta
474 3983 550 4024 eutem
566 3975 667 4037 rescrip-
692 3975 753 4022 bello
771 3975 831 4022 Gall.
848 3976 919 4023 Selin.
943 3991 994 4036 cap.
1013 3977 1052 4024 34.
1072 3977 1158 4022 Melam
1172 3976 1188 4024 1.
1203 3978 1227 4026 3.

128 4041 202 4088 simus
222 4057 264 4103 pre
288 4040 401 4089 Menebos.
423 4040 526 4088 Grotius.
545 4038 666 4103 Carietes]
693 4057 715 4087 e.
728 4043 751 4087 0.
775 4042 879 4087 Lactaut.
888 4040 1003 4087 lib.1.de
1013 4041 1070 4087 falsa
1079 4041 1144 4104 relig.
1158 4057 1177 4088 c.
1189 4045 1228 4090 01.

130 4107 251 4168 Oppidum
262 4107 290 4153 ad
302 4106 406 4167 Ligerim
418 4105 488 4152 situm
496 4105 568 4153 Gien.
577 4106 602 4153 in
610 4108 666 4153 Car·
693 4105 782 4166 Pytlraei
793 4105 933 4152 Adversaris
951 4105 993 4152 lib.
1006 4109 1029 4152 1.
1041 4122 1092 4166 cap.
1103 4109 1127 4154 3.
1143 4106 1228 4156 cleve·-

127 4170 312 4233 nutibee.11iis.]
328 4170 430 4226 lbrmis,
446 4171 570 4232 praesidiis.
692 4169 753 4217 rium
763 4169 805 4216 lib.
818 4173 840 4216 1.
858 4171 887 4216 de
903 4171 981 4231 Antiq.
997 4173 1052 4217 Ger.
1066 4186 1116 4231 cap.
1135 4174 1174 4220 00.
1188 4172 1227 4225 06,

162 4240 219 4284 441.
238 4236 341 4283 Converti
349 4234 450 4296 prelia]
468 4238 489 4282 E
499 4235 576 4283 Gallia
585 4235 609 4280 in
621 4236 667 4280 lta·
693 4242 717 4281 et
729 4239 768 4285 08.
786 4233 879 4297 Hesus]
897 4234 955 4304 Pras
973 4236 1059 4282 habent
1068 4235 1228 4312 manuscripti,

128 4302 184 4349 liam
200 4301 319 4348 transferri
332 4301 398 4348 bella.
418 4300 519 4364 Treuir]
542 4303 600 4362 Pop.
614 4300 667 4346 Bel-
693 4300 807 4360 quomode
818 4300 861 4346 hoc
876 4316 958 4348 nemen
969 4307 993 4348 et
1004 4301 1065 4363 apud
1075 4303 1227 4350 'Lectamrum

129 4365 183 4429 gia,
201 4367 298 4427 querula
309 4365 443 4427 metropolis
455 4365 538 4413 triers.
692 4365 784 4428 legiter.
802 4363 902 4413 Grotius.
1172 4373 1173 4376 ’

163 4433 219 4480 440.
236 4429 306 4478 Tonse
326 4429 410 4495 Liger,
429 4429 487 4493 dm]
512 4429 590 4478 Callia
611 4428 673 4475 elim·
