2784 4860
139 348 207 417 122
424 343 476 411 m.
514 342 721 415 nNNAEI
764 290 1007 419 nueaurz

142 521 309 590 Proxime
323 541 404 606 pers
419 522 514 587 urbis
530 522 659 588 celsam
674 524 849 608 consurgit
862 513 1049 594 iu'ureeu'r]
1095 528 1100 539 '
1168 586 1171 590 .
1213 527 1227 543 ·’

139 635 213 700 Par
228 635 372 711 tumulo,
389 633 580 718 mediisque
595 635 716 702 sedent
730 636 946 702 convallibus
961 654 1056 703 srva.
1186 635 1257 727 m

117 782 120 789 ·
142 745 242 810 Tunc
257 767 313 811 res
328 746 494 809 immenso
519 746 652 828 placuit
667 753 798 813 statura
818 748 949 826 labore,

144 855 278 943 Aggere
294 858 448 922 diversos
464 862 564 921 vasto
585 858 797 923 committere
813 859 933 924 colles.
978 910 981 915 .

144 969 215 1035 Sed
230 971 326 1053 prius
344 973 382 1032 ut
399 972 516 1044 tutam,
537 987 607 1050 qua
620 973 710 1033 terra
730 969 888 1052 cingitur,
902 969 1022 1034 urbem

147 1081 341 1160 Clauderet,
359 1101 381 1145 a
396 1081 537 1147 summis
553 1081 714 1164 perduxit
728 1081 774 1144 ad
787 1101 930 1165 aequora
944 1082 1067 1148 casule

145 1193 302 1277 Longum
317 1192 436 1257 Caeser
451 1212 551 1276 opuS,
567 1192 748 1276 fontesque
763 1197 798 1257 et
812 1193 942 1276 pabula
956 1194 1073 1279 campi
1190 1193 1256 1286 888

144 1304 339 1389 Amplexus
356 1305 463 1385 fossa,
480 1304 606 1368 densas
620 1304 915 1388 tollentia'pinnas
1181 1332 1184 1337 ·

147 1415 358 1501 Cespitibus,
375 1415 549 1499 crudaque
564 1416 716 1480 extruxit
739 1415 881 1480 brachia
893 1421 993 1482 terra.

188 1528 212 1594 J
214 1550 270 1595 am
285 1530 370 1594 satis
391 1528 458 1592 hoc
473 1527 590 1593 Graiae
605 1529 863 1595 memorandum
878 1529 1021 1612 contigit
1034 1528 1125 1607 rubi,
1186 1568 1189 1573 -

45 1683 50 1688 -
146 1640 391 1724 AEtemumque
408 1640 526 1717 decus,
546 1640 640 1723 quod
654 1660 725 1706 non
743 1640 904 1724 impulse,
923 1659 987 1705 uec
1002 1639 1084 1724 ipso

146 1751 261 1818 Strata
276 1757 379 1830 metu,
394 1753 502 1818 tenuit
520 1751 694 1835 flagrantis
708 1753 745 1816 in
766 1752 882 1816 omnia
895 1751 978 1816 belli
1187 1751 1252 1819 Μ

148 1862 370 1948 Praecipitem
389 1883 545 1929 cursum:
567 1864 743 1947 raptisque
758 1883 782 1928 a
796 1861 935 1928 Caesare
950 1861 1097 1940 cunctis,

149 1974 308 2042 Vincitur
322 1996 392 2041 una
405 1996 512 2041 mora.
534 1981 699 2060 quantum
714 1981 767 2041 est
782 1975 876 2061 quod
890 1975 963 2040 fate
977 1975 1153 2043 tenentur!

151 2084 323 2169 Quodque
337 2088 449 2152 virum
464 2087 527 2152 toti
542 2107 731 2172 properans
746 2087 921 2171 imponere
939 2085 1069 2153 mundo

150 2196 229 2262 Hos
248 2197 360 2280 perdit
376 2197 527 2262 Fortuna
542 2197 634 2262 dies!
657 2203 738 2262 tunc
755 2199 870 2263 omnia
883 2199 953 2264 late

148 2308 384 2375 Procumbunt
397 2330 552 2389 nemora·
565 2316 600 2376 et
620 2311 811 2395 spoliantur
825 2312 947 2376 robore
963 2310 1082 2377 silvse:
1191 2309 1258 2378 895

151 2418 210 2499 Ut,
227 2442 306 2485 cum
331 2427 419 2487 terra
432 2421 520 2487 levis
535 2422 683 2487 mediam
697 2423 911 2508 virgultaque
926 2423 1052 2488 molem

148 2582 197 2632 379
207 2584 339 2633 conscendit.
397 2580 447 2633 381
460 2581 526 2632 Tum.
587 2585 731 2632 adscivere
741 2593 816 2632 vestm
877 2586 927 2632 384
935 2574 1043 2646 puduit*
1054 2584 1093 2642 sd,
1102 2583 1212 2645 proderit
1222 2587 1254 2651 is.

280 2651 329 2700 385
341 2648 466 2698 Summam.
555 2706 558 2711 .
596 2650 727 2716 defootes
736 2658 767 2698 et.
880 2654 930 2701 389
943 2649 1127 2715 Eumaeus.
1238 2650 1241 2655 '

409 2717 458 2762 389
469 2729 540 2778 oeque
550 2714 602 2778 ipso.
847 2719 896 2766 393
906 2732 987 2765 uuum.

184 2847 240 2902 379.
254 2853 359 2902 Pessima
366 2853 494 2916 pers‚&o.]
504 2855 598 2903 rumuli
607 2855 691 2904 editio·
715 2863 787 2918 poets
797 2856 883 2919 ubique
898 2857 1066 2921 Pompeisuus,
1075 2856 1138 2916 fidei,
1148 2862 1256 2913 musun-

151 2919 340 2966 risoltitndluem
359 2921 464 2980 sequsbst
483 2936 526 2968 arx
543 2922 617 2978 urbis,
636 2923 692 2969 colli
716 2922 765 2979 tire,
774 2923 917 2971 tortitudinis
929 2924 1034 2986 gloriam.

152 2982 336 3045 lmioopposits,
354 2986 437 3046 quibus
452 2985 693 3049 intermedisjscebst
741 2989 806 3036 391.
824 2987 965 3050 Peccipitsm
993 2986 1105 3050 cursum]
1139 2988 1256 3050 Impetum

152 3048 230 3097 vullis.
716 3052 824 3100 Caeseris.
836 3052 918 3116 sulpit.
931 3054 1078 3116 Raptisquce
1091 3052 1178 3102 cmm
1187 3067 1258 3101 cusc-

184 3116 241 3163 381.
259 3113 454 3176 sustentatae]
472 3117 617 3166 Constatura
716 3117 765 3180 tia]
787 3117 871 3165 Statim
878 3119 1101 3168 velsededeutibus
1110 3117 1150 3165 rel
1158 3126 1257 3179 osem-

185 3181 243 3226 389.
260 3178 349 3242 Aggere
357 3180 524 3244 diversatum]
536 3183 630 3245 Aggere
638 3199 694 3232 eon·
716 3183 748 3232 tis
758 3190 782 3230 et
792 3182 923 3246 impulslss
935 3186 1028 3232 Cerere
1038 3184 1130 3233 certeris
1139 3184 1248 3239 urbibus.

149 3246 249 3307 jungere
259 3245 325 3292 urbis
333 3253 357 3292 et
370 3251 497 3293 uestrorum
507 3248 587 3295 colles.
760 3251 818 3298 393.
842 3248 937 3313 Mure]
969 3249 1089 3299 Diuturss
1126 3248 1258 3297 obsidione

152 3363 155 3369 ¹
186 3311 243 3360 383.
261 3307 303 3357 Sed
311 3311 378 3370 prius
389 3318 416 3357 ut
426 3319 501 3366 totam,
512 3312 571 3375 δια]
588 3311 694 3361 Munitis
719 3313 837 3369 Quantum
847 3317 945 3376 estquod
952 3316 1004 3375 sete
1011 3312 1137 3376 tenentes]
1147 3315 1203 3362 Nou
1212 3311 1259 3365 uti·

152 3374 229 3424 tribus
237 3374 341 3437 partibus
349 3375 408 3422 meri
416 3375 520 3434 alluitur,
527 3386 632 3438 quartem
640 3393 694 3438 per·
717 3395 764 3441 que
774 3394 855 3440 purum
866 3388 924 3435 erut,
934 3381 997 3441 quod
1008 3396 1054 3429 uns
1064 3380 1115 3428 lrsee
1125 3378 1212 3428 civiles
1222 3393 1259 3429 re·

152 3448 209 3497 tem,
217 3441 694 3504 qusoppuguetudifficiliorvisuestprop·
718 3445 815 3493 tardarit
826 3444 970 3506 precipitem
981 3445 1093 3506 impeturn
1104 3452 1129 3492 st
1136 3452 1261 3503 sucosa*

153 3513 190 3554 ter
200 3505 247 3552 loci
257 3513 360 3561 usturam
370 3515 395 3553 et
402 3521 486 3562 moen,
495 3510 573 3556 uerat
582 3507 694 3556 interclu·
717 3510 800 3558 fatales
813 3509 920 3565 Gesseris,
941 3510 965 3559 iu
981 3513 1049 3572 eujus
1063 3517 1142 3557 unse
1157 3514 1262 3575 potest*

153 3570 194 3626 sit,
204 3570 284 3626 ducto,
296 3585 310 3617 a
320 3572 368 3618 suis
379 3571 461 3619 cestris
471 3571 495 3619 in
507 3572 570 3620 edito
581 3572 641 3621 colle
651 3589 694 3634 po-
718 3580 800 3622 temet
818 3575 870 3636 ipss
881 3576 1006 3635 postmodo
1017 3591 1071 3622 eum
1089 3575 1164 3622 totius
1179 3572 1262 3633 muudi

154 3634 215 3691 sitis,
224 3636 253 3683 ad
263 3651 326 3683 mure
334 3637 442 3698 utrinque
451 3653 536 3700 aggere
544 3654 559 3684 s
566 3638 695 3700 cespitibus
716 3639 816 3701 irnperio
827 3640 957 3688 necessario
965 3639 998 3688 sit
1008 3654 1111 3688 cessure.
1124 3636 1262 3703 Teuma]

153 3701 227 3749 instar
238 3700 299 3748 muri
309 3700 405 3764 pinnato
421 3710 445 3748 et
462 3703 568 3750 turribus
582 3702 694 3750 distinete
719 3705 865 3752 Retinentur.
1249 3730 1254 3745 ·

153 3773 224 3827 atque
234 3767 308 3812 fossa:
327 3767 369 3814 hec
388 3767 479 3815 ratione
495 3767 628 3830 oppidanos
645 3767 694 3815 lru·
752 3772 809 3819 393.
828 3767 1182 3834 Properasrsimpormrsuodo]
1199 3770 1259 3819 Fu·

153 3831 294 3888 mentatione
309 3836 333 3878 et
344 3832 490 3893 pabulatione
503 3834 628 3895 probibuit.
719 3836 796 3884 tlnsus
807 3836 926 3898 praeficere
936 3835 1058 3883 Caesurem.
1296 3854 1300 3859 ·

187 3899 244 3946 386.
263 3894 372 3943 Tolleatio
379 3898 469 3957 pineo.
482 3896 616 3960 JErigeutis
626 3897 695 3947 turri·
752 3904 808 3950 394.
827 3899 927 3962 Paua]
944 3899 1188 3951 Incussumoontsrit.
1205 3898 1260 3953 Sd*

152 3962 219 4011 cules
237 3968 262 4009 et
280 3963 452 4025 propugnacula
473 3963 498 4011 in
521 3964 695 4014 similitudinem
716 3967 796 4028 pitius.
821 3965 886 4014 Tune
899 3968 974 4014 comta
990 3967 1042 4023 lete,
1058 3963 1115 4028 &ul
1131 3965 1262 4014 cuduntur

154 4026 276 4092 pinnarum
287 4027 353 4074 muri.
372 4027 455 4089 Salpia
719 4031 806 4094 passim
818 4032 899 4092 sylvae,
910 4032 940 4078 ed
951 4039 1026 4079 turres
1034 4032 1185 4088 extruendas,
1194 4029 1262 4080 siut

188 4095 246 4142 387.
264 4091 385 4154 Crudoqm
405 4095 503 4142 mirans
520 4093 632 4157 troclea]
655 4097 694 4143 In·
719 4112 755 4152 ns,
774 4097 878 4158 eliasque
895 4096 1027 4159 mschiusss
1051 4111 1096 4144 uss
1110 4096 1263 4144 nomed-fis·

155 4159 695 4218 curvusaggerumflexus.brechiornminmo·
719 4162 816 4210 mundos
836 4161 1042 4224 continendusque,
1059 4160 1177 4224 lignorum
1195 4168 1262 4211 strue

155 4224 210 4271 dum
222 4229 339 4278 curvatos,
348 4223 419 4285 idque
430 4227 503 4273 crude
513 4242 541 4273 sc
550 4227 640 4282 recenti
648 4235 694 4274 ter·
719 4236 745 4276 et
755 4228 884 4288 interjectis
899 4226 1004 4276 trsbibn's
1018 4241 1127 4289 sggsres,
1135 4230 1171 4275 'ue
1182 4226 1264 4276 subd·

154 4305 183 4341 ra
191 4295 216 4336 et
226 4287 355 4348 cespitibus
367 4290 480 4348 berbulis,
492 4293 576 4339 ductos
586 4292 616 4340 sd
631 4309 695 4341 mere
719 4294 786 4342 deret
796 4309 824 4340 sc
835 4293 949 4341 difflueret
959 4293 1020 4341 levis
1035 4307 1078 4353 per
1088 4306 1115 4339 ss
1130 4299 1202 4351 tem,
1210 4299 1262 4342 tur·

155 4353 352 4418 sequebamur.
525 4416 528 4421 Ι
555 4399 558 4403 .
719 4359 780 4410 nun
790 4357 1072 4423 superstructuunnuts
1086 4364 1191 4424 gradu
1239 4360 1254 4404 'e

189 4422 246 4472 388.
261 4418 388 4482 demseris,
407 4419 465 4486 bro]
482 4422 618 4474 Gratulatus
632 4421 696 4484 urbi,
1063 4464 1066 4470 .
1087 4458 1092 4471 ,
1166 4464 1175 4471 ..
1195 4462 1218 4482 2.
1246 4442 1255 4468 ·.
