2784 4860
150 361 216 426 536
437 357 948 426 .SUPPLEMENTUM

153 532 277 596 Nullus
291 528 402 595 adbuc
416 531 535 607 titulis,
551 531 712 615 nulloque
726 532 869 614 insignis
881 531 1040 601 bonore:

150 643 227 708 Nec
241 644 330 707 vires
344 642 463 706 babuit
475 643 542 706 nisi
556 663 643 727 quas
656 645 779 708 virtute
792 642 939 725 paravit.

150 751 306 831 Quantos
320 753 377 815 ille
393 752 510 815 Duces
519 752 665 835 juvenili
679 754 798 817 ardore
813 752 960 835 subegit,

151 862 237 926 Cum
253 861 356 925 Marii
368 866 523 925 maestam
536 862 723 926 lacerasset
735 863 841 927 factio
856 862 1030 947 Romam„

151 972 195 1036 Et
208 972 364 1035 miseram
379 971 528 1035 assiduis
542 972 718 1053 implesset
731 972 886 1037 caedibus
898 970 1042 1035 nrberir!

151 1083 245 1161 Quot
257 1088 329 1146 tum
342 1100 405 1164 pro
420 1082 531 1162 patria
544 1081 661 1145 felicia
674 1082 766 1147 bella
779 1081 929 1166 peregit-l

151 1193 248 1257 Illius
263 1190 428 1274 auspiciis
443 1191 559 1253 audax
572 1196 625 1254 est
639 1189 751 1255 Carbo
766 1195 974 1273 peremptus,

150 1298 195 1367 Et
207 1302 332 1366 cecidit
345 1300 441 1364 terris
456 1300 625 1363 Sertorius
639 1301 720 1365 exul
734 1300 857 1365 Iberis.
904 1358 908 1367 .

149 1412 356 1475 Praeclarum
370 1410 502 1492 Libyco
515 1407 655 1493 (dignus
668 1415 748 1475 tunc
762 1410 899 1475 nomine
913 1407 1054 1495 Magni)

150 1522 259 1585 Duxit
271 1518 399 1604 (adbuc
415 1519 593 1584 Romanus
607 1519 740 1605 Eques)
752 1521 796 1585 de
811 1520 907 1603 Rege
920 1520 1147 1607 rinmpbnm.

150 1632 240 1695 Haec
254 1629 347 1715 fecit,
361 1629 578 1711 nondumque
592 1634 671 1693 tuos
684 1635 881 1695 excesserat
894 1648 1015 1695 aunon

149 1740 217 1805 Sed
232 1747 269 1804 tu
285 1759 344 1803 cur
357 1739 496 1822 Libycis
510 1739 640 1803 resides
653 1739 857 1821 privatusin
870 1739 965 1807 oris't
1028 1782 1033 1791 .
1171 1790 1175 1795 .
1222 1804 1225 1813 Ι

149 1851 260 1915 Unius
274 1849 440 1913 auxilium
454 1849 583 1912 dextrae
597 1854 760 1932 praestare
773 1849 907 1913 valebis

149 1961 220 2025 Hic
234 1964 363 2025 tantum
378 1958 516 2023 Patriae.
532 1959 653 2042 procul
666 1959 745 2021 binc
759 1962 797 2021 tu
811 1958 934 2041 collige
947 1958 1054 2037 vires,
1082 2014 1087 2025 .

147 2071 192 2136 Et
205 2070 352 2134 libertati
367 2070 499 2133 Ductor
513 2088 671 2133 succurre
686 2068 842 2133 cadenti:

147 2180 215 2245 Vel
230 2180 365 2261 dignam
380 2180 483 2243 tantis
498 2176 681 2242 Natalibus
696 2183 821 2262 appete
835 2185 989 2245 mortem.

146 2291 209 2355 Nil
223 2295 341 2355 contra
350 2290 486 2372 juvenis
498 2308 508 2370 ;
529 2289 592 2353 sed
605 2294 768 2371 tanquam
781 2290 897 2355 Roma
909 2290 1054 2357 Catonis
1189 2308 1194 2317 ·
1213 2306 1218 2317 ·

146 2403 202 2466 Ex
216 2421 274 2465 ore
289 2399 481 2476 admoneat,
495 2405 693 2482 promantve
708 2399 859 2464 Oracula
870 2420 1005 2465 vocem.

147 2513 354 2596 Obsequitur
369 2512 470 2575 citius
485 2511 590 2589 dicto,
605 2517 640 2577 et
653 2512 739 2575 dans
754 2512 901 2577 carbasa
911 2512 1023 2587 ventis

146 2624 340 2706 Digreditur
354 2621 494 2703 Libycis
508 2640 681 2703 nunquam
694 2623 862 2687 rediturus
875 2623 922 2687 ab
935 2623 1018 2700 oris,

145 2735 195 2800 Ut
209 2735 313 2799 cadat
331 2732 471 2815 Europa
483 2752 637 2814 magnus,
653 2733 852 2815 Ductorque
865 2754 928 2817 per
941 2752 1045 2817 agros

143 2848 213 2911 Tot
225 2847 311 2909 ferat
325 2843 505 2926 Hispanos
519 2844 687 2907 Romanae
701 2844 843 2909 vulnera
855 2844 978 2926 gentis,
1037 2906 1052 2913 ..

145 2958 240 3035 Quot
254 2956 363 3040 prima
378 2954 559 3019 AEmatbiis
573 2955 719 3021 victoria
732 2954 882 3021 Caesaris
896 2957 989 3021 arvis

143 3070 306 3134 Proxima
320 3068 375 3132 vel
390 3066 494 3129 faciet
508 3064 659 3147 libycis.
681 3066 783 3130 nimis
797 3066 916 3133 invide
928 3086 1131 3167 quenquam

144 3178 294 3255 Nobilis,
310 3197 331 3239 o
348 3175 504 3258 Pompei,
518 3176 630 3256 longae
645 3176 707 3239 tibi
721 3177 793 3241 lata
805 3184 972 3260 negarunt

141 3289 247 3375 (Quae
262 3289 350 3372 patri
366 3286 543 3371 dederant)
556 3287 673 3351 felicia
685 3292 839 3372 tempore
852 3290 952 3367 rdtoet

143 3403 255 3465 Morte
270 3406 383 3464 tamen
396 3403 527 3481 patrem
541 3399 708 3480 aequabis,
722 3402 1037 3485 magnisonum,

142 3513 219 3577 Nec
234 3514 306 3577 fera
319 3511 459 3575 fatalem
472 3510 587 3575 vincet
600 3508 781 3577 Pharsalia
795 3512 972 3577 Mundam.

185 3624 333 3688 Sicaniis
348 3621 466 3686 Caesar
480 3621 569 3685 vires
580 3620 655 3703 Jam
667 3625 789 3687 nactus
804 3623 848 3685 ab
864 3622 934 3687 oris

142 3734 301 3798 Protinus
317 3732 447 3797 Uzzitee
463 3732 638 3795 excelsum
652 3752 760 3815 prope
774 3732 903 3797 moenia
920 3735 1072 3803 montem

141 3844 309 3928 Occupat.
331 3843 398 3908 buc
413 3843 542 3908 ducunt
556 3844 691 3908 collatis
705 3843 855 3925 undique
874 3842 981 3923 signis
1230 3912 1233 3917 ,

140 3955 219 4020 Rex
233 3955 256 4019 J
257 3957 327 4019 uba
340 3952 589 4037 Scipiadesque
604 3972 685 4017 suas
699 3952 745 4017 ad
758 3952 882 4035 proelia
895 3956 1037 4027 tunnas.¹
1162 4024 1168 4029 ,

139 4067 336 4150 Conspectu
351 4065 482 4131 Uzzitee
497 4065 624 4130 bellum
638 4063 713 4146 jam
727 4061 880 4127 constitit
892 4080 1008 4137 omne.
1216 4136 1222 4143 ,

140 4178 259 4260 Scipio
274 4177 439 4240 detrectat
452 4194 621 4258 pugnam3
642 4193 706 4258 nec
722 4173 839 4237 dulcia
851 4174 955 4243 unus
984 4242 989 4249 ,
1046 4246 1049 4251 ,
1148 4214 1156 4255 .·
1232 4244 1237 4251 ,

140 4290 271 4356 Uzzitae
285 4288 358 4354 fato
374 4287 573 4363 damnantia
588 4286 743 4365 cladibus
757 4304 858 4367 arva3
