2784 4860
138 324 203 391 eso
439 296 935 403 suenum-nurum

138 494 324 559 Vincentes
339 495 435 572 vidit,
452 499 603 580 populus
618 499 777 566 formidat
791 502 936 568 Iberus'l

138 604 186 669 At
200 626 280 672 vero
296 608 326 670 si
340 627 409 690 qua
423 614 475 672 est
490 609 595 691 Legio
612 610 770 677 Romana
784 613 849 675 sub
864 610 969 675 armis

139 717 316 807 Pompeii3
339 721 480 783 rudibus
496 727 630 785 constat
644 724 832 804 tyronibus,
847 727 909 787 aut
920 722 977 789 his

139 829 209 909 Qui
224 833 323 895 vobis
339 832 421 895 victi
434 832 599 914 fugientia
612 838 706 913 terga
720 832 894 909 dederunt,

139 941 183 1005 Et
198 946 344 1005 veterem
360 942 534 1005 adducunt
549 962 666 1007 secum
681 942 725 1005 ud
739 961 831 1006 nova
845 942 1152 1017 castrutimorem.

139 1050 228 1129 Quae
243 1052 344 1116 toties
359 1053 472 1115 victus
487 1051 591 1115 faciet
600 1051 673 1134 jam
689 1053 810 1134 praelia
823 1053 959 1119 Varusl

140 1162 351 1245 Hispanisve
367 1169 458 1244 geret
473 1162 644 1227 Labienus
656 1164 832 1246 transfuga
845 1140 1051 1249 plusquam,

139 1273 211 1338 Aut
224 1276 319 1358 prius
335 1275 528 1352 AEmathiis‚
545 1276 685 1356 Libycis
700 1281 760 1339 aut
775 1276 918 1357 gesserit
931 1276 1052 1341 mist

139 1387 192 1450 Ito
207 1389 274 1450 mei
289 1387 441 1462 comitae,
457 1388 616 1468 belloque
631 1387 796 1469 imponite
810 1388 922 1451 linem.

141 1498 305 1578 Dixerat3
329 1503 364 1561 at
377 1499 472 1561 nullo
488 1499 665 1579 excipiunt
680 1499 828 1563 clamore
843 1499 1002 1565 cohortes

140 1607 258 1673 Verba
273 1610 394 1686 Ducis,
410 1630 473 1674 nec
490 1609 669 1673 stridentes
685 1611 872 1675 accendere
887 1616 1036 1695 possunt

143 1719 307 1804 Dejectos
323 1723 455 1786 animos
469 1721 556 1797 litui,
573 1725 776 1804 conceptare
793 1740 898 1785 cornu
1152 1786 1156 1793 ,

141 1828 317 1909 Classica3
341 1851 403 1895 nec
420 1850 614 1914 quanquam
629 1831 674 1895 ad
688 1849 837 1913 pugnam
846 1829 894 1895 de
909 1831 998 1895 oolle
1012 1832 1220 1919 propinquo

142 1940 334 2005 Deourrrmt
348 1941 562 2025 Pompeiani,
578 1942 762 2024 procedere
778 1962 903 2025 eampo

142 2051 304 2134 Longius
322 2058 381 2116 aut
393 2052 514 2136 rapido
529 2050 584 2136 (ut
597 2070 672 2115 mos
687 2050 756 2137 est)
768 2072 944 2117 occurrere
960 2072 1069 2119 eursu

141 2161 245 2247 (Tum
261 2164 406 2245 primum
420 2160 591 2245 trepidus)
604 2167 783 2226 veteranus
799 2162 948 2235 Gaesaris
963 2164 1083 2229 audet.

143 2271 246 2351 Quod
262 2272 362 2336 simul
377 2278 415 2336 ut
428 2273 514 2335 vidit
527 2292 650 2354 magna
664 2272 891 2337 inflammatus
904 2274 952 2345 ab¹
963 2273 1027 2349 ira3

143 2382 352 2447 Deseritisne
369 2384 513 2458 Ducem,
530 2387 564 2445 et
577 2383 681 2447 faciet
694 2402 779 2446 nece
795 2381 944 2447 Caesaris
957 2380 1109 2468 (inquit)
1143 2416 1156 2425 —
1220 2412 1223 2419 ·

143 2491 218 2556 Vos
234 2495 333 2556 timor
348 2493 506 2557 emeritos
520 2492 646 2555 hodie?
670 2493 771 2555 simul
785 2493 904 2575 arripit
916 2492 1054 2557 hastam
1132 2554 1135 2559 .

145 2603 287 2679 Ductor,
304 2608 337 2666 et
352 2603 515 2666 adversos
531 2603 626 2666 solus
642 2602 788 2667 defertur
801 2604 838 2667 in
851 2603 980 2669 hostes.

145 2711 360 2794 Obstupuere
376 2713 437 2788 illi,
455 2713 579 2794 quibus
594 2713 669 2777 haec
683 2713 859 2792 miracula,
874 2712 975 2776 miles

145 2821 324 2885 Caesareus
340 2823 490 2901 timidus,
506 2823 702 2885 temerarius
717 2823 805 2905 ipse,
821 2821 988 2887 videntur.

145 2932 218 2996 Vix
233 2934 343 2996 oculis
359 2935 468 3016 primo
484 2934 644 3013 eredrmt3
666 2953 750 2997 mox
764 2933 800 2995 in
814 2937 920 3015 caput
932 2931 1051 2997 audax
1088 2990 1092 2997 .
1129 2998 1132 3011 ,

146 3041 306 3125 Undique
322 3045 394 3125 pila
408 3046 540 3124 volant3
564 3045 685 3121 donec,
703 3045 856 3108 vincente
872 3042 1015 3125 pudore,

147 3153 228 3216 Non
242 3155 363 3216 virtute
378 3158 514 3229 metum,
531 3154 664 3217 cunetis
679 3154 851 3215 exereitus
864 3152 970 3217 armis

146 3261 203 3326 Ad
219 3263 329 3326 Ducis
345 3263 511 3325 auxilium
524 3262 702 3344 procru'rit,
718 3267 752 3325 et
766 3263 874 3345 impia
887 3267 984 3329 tanta

147 3375 244 3438 Tune
260 3375 364 3449 rabie,
381 3378 508 3456 quanto
525 3373 753 3439 detrectavere
767 3375 898 3451 timore,

148 3484 248 3547 Bella
262 3484 355 3565 gerit,
371 3484 514 3547 redimat
528 3482 686 3548 Romano
701 3490 740 3549 ut
754 3486 917 3568 sangiune
932 3486 1086 3570 crdpam,

149 3595 193 3658 Et
208 3595 281 3657 dira
296 3595 400 3658 faeiat
413 3595 549 3659 funesta
563 3595 703 3677 piacula
717 3595 824 3659 caede.

148 3706 197 3771 At
210 3709 319 3790 primo
335 3728 458 3790 pugnae
475 3711 591 3788 gentes
605 3706 760 3791 utrinque
775 3704 889 3771 furore

150 3817 349 3898 Diffugiunt,
365 3817 449 3880 solis
464 3815 725 3899 peragendaque
740 3818 833 3881 bella
845 3818 1041 3901 relinquunt

150 3927 298 3990 Ensibus
314 3925 499 4005 Ausoniis3
522 3927 601 3991 aliis
615 3945 679 3991 nec
695 3929 817 4008 egebat
831 3926 941 4009 Enyo,

149 4037 286 4102 Pallida
299 4059 363 4103 nec
379 4040 493 4121 plures
508 4037 631 4102 Alecto
648 4038 799 4120 optabat.
822 4037 859 4099 in
873 4055 972 4101 omne

150 4148 320 4212 Suffeoere
335 4149 432 4212 nefas
447 4149 501 4212 hae
516 4149 656 4213 dextrae.
672 4147 727 4211 hic
744 4146 896 4211 constitit
909 4151 1010 4213 atrox
1063 4224 1068 4233 Ι
1155 4222 1159 4229 ,

149 4259 270 4341 Pugna
282 4280 290 4338 ;
313 4279 393 4342 pars
407 4265 526 4341 urgent
541 4261 646 4337 acies,
661 4259 845 4343 animique,
860 4276 1031 4343 paresque
1195 4340 1201 4353 ¹

148 4368 280 4436 Irarum
294 4370 433 4435 stimuli.
455 4371 587 4453 magnis
602 4371 792 4437 hortatibus
806 4371 908 4457 umbo
1030 4426 1033 4435 .
1164 4422 1167 4429 .
1222 4422 1225 4429 .
