2784 4860
146 334 213 400 tto
427 330 477 398 Μ.
513 331 721 401 ANNAEI
758 332 984 403 LUCANI

147 507 284 574 Illicitis
307 524 419 573 arsere
434 527 545 573 senes.
561 529 625 574 nec
641 507 749 573 noxia
762 510 895 573 tantum
918 534 921 539 ·
990 534 1006 543 ··
1024 536 1030 547 ·
1103 538 1112 547 ·
1135 516 1143 547 ²
1173 536 1184 547 ·
1244 522 1258 535 ''

147 617 282 684 Pocula
295 619 486 702 perficiunt,
504 624 565 683 ant
579 639 657 684 cum
672 622 841 702 turgentia
853 640 962 687 succo

147 729 284 796 Frontis
299 736 461 795 amaturae
478 731 675 797 subducunt
688 732 832 815 pignora
845 732 937 798 fetae.

147 840 250 906 Mens
271 841 384 905 hausti
405 842 499 905 nulla
513 843 610 907 sanie
625 843 758 926 polluta
771 845 894 909 veneni

147 951 343 1017 Excantata
358 953 457 1035 perit.
474 972 562 1035 quos
577 973 646 1018 non
660 955 847 1020 concordia
860 956 955 1020 misti

146 1063 277 1145 Alligat
292 1063 364 1126 ulla
379 1064 456 1140 tori,
478 1063 684 1147 blandaeque
704 1067 860 1148 potentia
877 1066 1010 1142 formae,

144 1172 337 1237 Traxerunt
351 1174 430 1236 torti
445 1175 581 1256 magica
593 1177 756 1258 vertigine
771 1176 831 1241 fili.

103 1272 107 1279 ¹
147 1281 335 1348 Cessavere
351 1285 446 1349 vices
461 1303 590 1348 rerum:
614 1285 787 1370 dilataque
800 1288 906 1370 longa

144 1392 264 1458 Haesit
277 1398 378 1458 nocte
395 1394 488 1458 dics:
511 1395 579 1476 legi
594 1415 663 1458 non
677 1399 791 1479 paruit
806 1399 921 1462 aether.

145 1503 293 1588 Torpuit
306 1509 340 1569 et
355 1525 512 1589 praeceps
528 1507 644 1570 audito
660 1507 808 1572 carmine
827 1508 995 1574 mundus:

146 1614 284 1679 Axibus
305 1621 339 1678 et
353 1615 484 1698 rapidis
501 1617 669 1699 impulsos
687 1615 823 1702 Jupiter
843 1636 966 1701 urgens

147 1723 292 1790 Miratur
310 1744 380 1788 non
394 1726 442 1789 ire
468 1728 579 1809 polos.
595 1748 685 1792 nunc
707 1730 823 1794 omnia
837 1729 1012 1812 complent
1182 1720 1252 1797 ddd

146 1835 330 1914 Imbribus,
346 1841 381 1902 et
394 1837 508 1902 calido
524 1838 717 1921 producunt
741 1839 860 1903 nubila
874 1837 1030 1904 Pboebo:

145 1944 191 2012 Et
204 1952 301 2013 tonat
316 1950 433 2030 ignaro
450 1951 576 2014 coelum
590 1949 691 2015 Jove.
706 1950 851 2015 vocibus
865 1946 999 2015 iisdem‘

146 2057 339 2123 Humentes
360 2061 428 2124 late
443 2061 598 2137 nebulas,
614 2061 818 2145 nimbosque
839 2061 962 2128 solutis

147 2167 340 2234 Excussere
356 2172 476 2234 comis.
491 2173 602 2235 ventis
618 2172 844 2249 cessantibus,
861 2192 980 2256 aequor
1201 2206 1205 2211 ·

147 2277 327 2344 Intumuit:
351 2301 466 2344 rursus
485 2282 627 2346 vetitum
643 2284 766 2347 sentire
781 2284 953 2367 procellas
1183 2284 1252 2350 470

168 2467 216 2516 455
229 2463 363 2527 raptata.
429 2465 593 2517 terrram,
659 2468 779 2517 rasam.
846 2466 994 2518 toritatem.
1059 2444 1229 2516 troruma'

145 2624 190 2664 tere
198 2631 271 2664 curas.
283 2617 366 2680 sulpit.
381 2616 503 2683 Nonsatia
514 2616 571 2681 &c.]
579 2619 684 2676 Nature,
742 2619 798 2667 461.
817 2616 931 2665 Cessavere
940 2617 998 2664 uices
1008 2614 1106 2680 rema]
1123 2615 1248 2664 Vreiuitu·

146 2681 218 2738 etuti,
228 2683 335 2744 rotisque
348 2683 453 2730 diversus
465 2699 536 2730 umor.
709 2682 774 2730 dines
786 2697 862 2729 rerum
878 2699 892 2730 e
909 2682 961 2744 lege
972 2688 1058 2729 naturae
1065 2696 1073 2739 ;
1088 2686 1115 2727 ut
1132 2680 1211 2728 noctis
1224 2686 1248 2743 et

179 2749 236 2797 454.
254 2747 304 2795 Nec
314 2750 377 2794 noxio
395 2757 492 2803 tontum,
505 2747 563 2810 &c.]
581 2748 612 2795 Et
630 2749 683 2810 plus
709 2747 765 2805 diei,
775 2753 936 2808 tempestatum
946 2747 1007 2802 anni,
1018 2752 1124 2808 torpente
1140 2744 1247 2794 mbi-

147 2811 177 2858 ed
188 2827 288 2858 amorem
300 2813 469 2861 conciliandum
479 2813 558 2861 valent
574 2815 683 2869 carmina,
709 2813 752 2858 bus
763 2812 822 2858 coelo
833 2828 876 2859 neo
886 2812 1000 2859 revoluto.
1017 2811 1086 2872 Saga,
1096 2811 1173 2872 inquit
1183 2810 1247 2873 Apu

147 2891 215 2936 qutun
224 2877 319 2936 philtra,
332 2894 400 2938 quam
409 2879 559 2939 hippomanes
577 2880 684 2925 nascentis
708 2877 768 2924 leius
780 2880 802 2922 1.
814 2878 872 2923 Met.
882 2883 964 2938 potens
973 2875 1058 2923 coelum
1065 2875 1194 2937 deponere,
1201 2882 1247 2923 ter-

145 2941 196 3002 equi
208 2941 235 2986 de
242 2939 322 3004 fronte
330 2943 437 2999 rotulam,
449 2942 480 2989 Et
490 2945 558 2989 matri
564 2951 684 3003 prereptus
708 2957 757 2988 ram
768 2942 918 3002 suspendere,
928 2942 1004 2988 fontes
1013 2941 1204 2996 domandum
1211 2938 1246 2987 tt-

146 3018 215 3051 omor.
227 3005 293 3066 Virg.
305 3006 399 3054 AEneid.
411 3011 434 3055 4.
444 3015 467 3054 et
476 3007 536 3056 Plin.
547 3007 588 3053 lib.
597 3010 620 3054 8.
631 3023 681 3068 cap.
708 3007 781 3060 luere,
799 3022 877 3054 muner
889 3006 1018 3060 sublimare,
1037 3005 1102 3052 Deos
1117 3004 1246 3063 infirmare,

146 3070 189 3118 42.
708 3069 784 3117 sidere
801 3071 947 3134 extinguere,
963 3072 1085 3119 'l'urteruru
1102 3069 1179 3130 ipsum
1193 3069 1247 3117 illu·

178 3134 235 3183 455.
252 3135 338 3182 Pocula
356 3134 498 3200 protrita]
534 3135 617 3197 Neque
638 3137 683 3184 boo
707 3134 802 3182 minare.

145 3205 256 3262 prestant
265 3216 360 3258 venena,
372 3201 414 3246 sed
425 3201 475 3247 sola
485 3200 592 3248 carmina.
606 3201 671 3249 Grot.
740 3201 797 3249 463.
816 3197 929 3264 Torpuit]
945 3200 1000 3247 Non
1011 3198 1088 3246 volvit
1097 3212 1131 3246 se.

178 3267 235 3314 456.
253 3264 368 3311 amatura
374 3264 682 3330 subducantpigacroferoe]
740 3266 797 3312 465.
815 3262 885 3310 Nunc
894 3262 1040 3329 omraio,&o.]
1057 3263 1246 3324 splendente»

145 3328 297 3376 Curunculem
308 3331 365 3376 hanc
374 3329 397 3376 in
405 3331 480 3376 fronte
488 3345 568 3377 recens
576 3330 625 3378 nati
631 3331 683 3394 pul·
707 3327 730 3374 le
742 3329 819 3376 omnin
833 3328 920 3390 pluviis
933 3332 1042 3390 mergunt
1057 3328 1169 3376 tenedon
1184 3328 1245 3376 ieter.

143 3393 170 3450 li,
182 3395 265 3455 siquis
276 3395 423 3456 praeripuerit
438 3410 502 3456 equae
518 3410 568 3456 quoe
583 3396 683 3456 peperit,
708 3391 740 3439 Et
760 3395 845 3441 ewcaor'
870 3393 964 3440 nubibus
990 3391 1047 3456 ficis
1079 3406 1156 3456 eptae.
1178 3393 1246 3442 trad

144 3465 268 3507 maternon
276 3459 377 3506 admittit
385 3456 502 3506 foetumitd
511 3461 589 3506 ubera.
598 3461 684 3522 pignus
707 3458 761 3504 San.
1234 3478 1238 3485 ·

143 3520 222 3584 itaque
233 3525 317 3572 amoris
328 3525 436 3588 appellat.
740 3523 797 3572 467.
815 3521 846 3568 Et
857 3529 918 3568 torm
928 3523 1011 3586 ignoro
1021 3520 1099 3570 culam
1113 3518 1190 3587 Iona]
1197 3522 1246 3571 In·

53 3629 58 3641 .
177 3591 234 3638 457.
252 3589 318 3637 Mera
331 3590 405 3636 baasa
416 3588 488 3645 nulle,
500 3587 558 3654 &c.]
576 3587 682 3637 Carmina
707 3585 757 3634 scio
776 3589 845 3644 Jove,
862 3601 944 3634 sereno
960 3592 1026 3635 tonet
1041 3586 1134 3634 ethere.
1153 3583 1248 3635 ΜΒ

145 3651 279 3701 dementant
297 3669 358 3716 soepe
378 3661 402 3700 et
420 3654 443 3700 in
460 3654 561 3702 furorem
578 3661 681 3712 vertunt,
706 3651 789 3708 iisdem,
801 3650 858 3714 &c.]
875 3652 922 3698 Hir
933 3650 1149 3699 carminibnriretur
1159 3652 1249 3700 vene!-

145 3717 215 3763 etinm
226 3717 284 3764 citra
293 3719 378 3778 pocula
386 3718 469 3766 veneni
479 3719 567 3766 henam.
706 3731 748 3773 ose,
759 3715 1247 3779 saorirnefsndisoperetoe,pedr'buerr1dh

177 3783 233 3830 458.
253 3783 313 3837 Quos
332 3799 377 3831 aaa
397 3784 515 3831 concordio
533 3785 599 3841 matt,
623 3782 680 3847 &c.]
706 3796 820 3844 passoque
835 3780 921 3843 capillo
937 3787 1048 3843 ragentes
1063 3781 1161 3829 nemin
1176 3780 1247 3830 tntu·

143 3845 210 3903 Quos
220 3862 264 3893 non
276 3863 340 3895 amor
351 3848 488 3911 conjugalis,
498 3865 544 3895 non
555 3848 628 3895 forma
640 3849 680 3896 de·
706 3853 763 3894 cunt
780 3852 821 3893 aut
834 3846 922 3908 fugant.
938 3846 1018 3894 numid
1031 3846 1099 3909 petto,
1116 3844 1246 3913 Nubilaque

143 3910 237 3960 riuxit:
254 3913 325 3960 traxit
334 3915 358 3960 in
370 3929 469 3960 amorem
480 3914 600 3970 rhombus,
610 3914 681 3961 verti-
704 3911 809 3959 induco(
996 3916 1001 3926 '
1274 3912 1281 3919 '

144 3989 175 4037 go
185 3975 284 4038 magica,
293 3978 394 4040 girgillo,
412 3978 450 4025 cui
461 3978 523 4025 iilum
537 3977 679 4026 involvitur:
737 3979 794 4025 469.
815 3971 890 4023 Ventis
907 3974 1046 4034 omatibus,
1063 3973 1121 4038 &c.]
1142 3972 1246 4025 'Sem

142 4044 234 4088 uexere
244 4042 298 4089 licis
307 4043 423 4090 incantata
430 4048 455 4090 et
462 4043 591 4107 nominibus
600 4059 681 4092 eornm
703 4040 796 4101 flucae,
806 4041 890 4088 tumuit
897 4041 1001 4088 leaenam
1010 4052 1072 4088 more
1082 4038 1181 4088 I'uoettte
1189 4054 1245 4090 wtt-

142 4121 201 4168 quos
212 4123 296 4168 eogere
305 4109 413 4155 volebant
420 4108 537 4162 veneficae,
547 4122 615 4163 nexa,
627 4107 680 4156 Ta·
704 4113 733 4154 to.
742 4107 797 4155 Ser.
809 4106 874 4156 Med.
883 4120 1025 4171 smmpto
1033 4106 1084 4155 tt’rto
1094 4102 1244 4154 metu·

141 4186 173 4217 no
182 4172 223 4219 tibi
234 4171 279 4220 bac
290 4173 390 4234 primm
405 4172 490 4234 triptici
508 4172 594 4219 dlverso
610 4173 680 4221 colare
703 4169 916 4237 catiocamuftrto,
926 4169 970 4218 &a
979 4169 1244 4235 ωηωιώὶςσφιψω·

142 4233 444 4296 Liciocr'rcundo,etmox:
462 4235 609 4284 Nectetribus
617 4238 681 4286 nodis
703 4252 753 4300 que,
775 4237 846 4286 ovid.
871 4236 936 4286 tter.
957 4238 982 4285 t.
1005 4237 1102 4286 Metam.
1124 4234 1196 4301 Apul.
1218 4237 1242 4285 1.

140 4308 220 4415 ὶῆνῖιω,
231 4301 275 4351 &a
289 4299 379 4352 Veneria
388 4303 426 4352 dic
433 4300 527 4352 maculo
536 4309 605 4351 necto.
611 4302 677 4366 Virg.
704 4302 764 4356 Met.

164 4371 227 4416 o.8.
