2784 4860
144 350 211 425 &lt
426 353 478 420 M.
512 352 711 423 ANNAEI
755 350 969 421 LUCANI
1016 366 1020 373 “

144 531 305 617 Adjacet‚
321 527 587 613 Armeniumque
602 528 690 593 biba
705 527 885 593 Romanus
905 526 1079 601 Araxarm

145 641 217 707 Sub
232 660 436 726 quocunque
459 640 525 717 die,
549 659 754 724 quocunque
771 645 824 704 cst
838 639 949 705 sidere
963 638 1094 717 mnndi,

147 751 284 828 Mouet,
301 757 336 815 et
346 752 479 833 ignorat
489 771 625 827 causaS,
642 751 860 834 animumque
876 750 1048 815 dolentem
1190 746 1257 815 lffl

145 861 308 945 Corripit:
334 860 511 939 Emathiis,
528 862 610 945 quid
620 861 752 943 perdat,
768 861 878 925 nescit
892 861 929 925 in
940 861 1043 926 arvis.

145 970 321 1054 Euganeo,
337 972 367 1035 si
378 991 460 1036 vera
470 973 556 1036 fides
571 973 848 1049 memorantibus,
863 969 983 1057 Augur
1049 978 1052 982 '

144 1081 241 1148 Colle
258 1083 392 1159 sedens,
408 1081 554 1166 Aponus
569 1083 666 1147 terris
688 1083 748 1145 ubi
763 1081 899 1146 fumifer
917 1081 1002 1159 exit,

142 1192 257 1277 Atque
272 1192 458 1257 Antenorei
481 1193 684 1276 dispergitur
703 1192 796 1255 unda
817 1190 967 1267 Timavi,
1245 1262 1248 1269 ¹

18 1284 22 1293 ¹
112 1303 245 1369 ¹Venit
260 1323 392 1367 summa
407 1303 493 1379 dies,
510 1304 635 1385 geritur
646 1323 701 1368 res
716 1303 878 1378 maxima,
895 1300 1004 1367 dixit:
1182 1299 1251 1369 lac

142 1414 256 1499 Impia
278 1400 481 1479 concurrunt
494 1412 653 1496 Pompeii
669 1419 703 1478 et
718 1412 867 1478 Caesaris
883 1432 988 1478 arma.

5 1486 8 1491 Ι
38 1528 41 1533 ’
141 1525 210 1590 Seu
223 1526 377 1600 tonitrus,
394 1543 435 1587 ac
447 1525 516 1588 tela
530 1524 553 1588 J
555 1526 630 1588 ovis
642 1543 801 1606 praesaga
814 1523 966 1589 notavit:

35 1666 38 1671 ·
140 1635 233 1701 Aera
253 1656 314 1698 seu
331 1641 439 1700 totum
455 1635 605 1699 discordi
621 1634 787 1698 obsistere
799 1634 901 1711 coelo,

140 1745 393 1829 Prospexitque
413 1745 533 1828 polos:
558 1765 619 1810 seu
633 1746 749 1809 lumen
763 1745 799 1808 in
815 1744 939 1809 aethere
960 1748 1135 1824 moeablm,
1197 1778 1200 1783 ·

143 1856 236 1921 Solis
250 1858 285 1919 in
304 1857 450 1921 obscuro
463 1876 611 1939 pugnam
626 1856 756 1940 pallore
772 1857 914 1921 notavit.
962 1944 966 1949 Ι
1183 1854 1253 1923 aba

142 1967 354 2030 Dissimilem
369 1972 459 2030 certe
482 1967 626 2043 cunctis
643 1987 730 2051 quos
746 1967 909 2051 explicat,
921 1968 991 2051 egit

142 2077 380 2140 Thessalicum
396 2077 529 2141 Natura
544 2079 652 2143 diem:
676 2080 707 2142 si
722 2084 847 2144 cuncta
867 2080 977 2162 perito

140 2185 278 2270 Augure
292 2208 388 2251 mens
399 2187 573 2252 hominum
585 2191 665 2254 coeli
680 2210 772 2256 nova
786 2191 885 2274 signa
902 2195 1067 2268 notasset,¹

142 2297 297 2380 Spectari
313 2319 331 2361 e
347 2304 419 2363 toto
435 2300 546 2382 potuit
561 2299 741 2366 Pharsalia
754 2303 893 2368 mundo.

144 2408 174 2470 Ο
189 2429 338 2473 summos
358 2410 542 2488 hominum,
562 2433 705 2496 quorum
722 2414 873 2479 Fortuna
887 2435 948 2498 per
963 2415 1081 2480 orbem
1181 2414 1251 2481 905

142 2519 248 2603 Signa
263 2520 366 2597 dedit,
384 2542 528 2604 quorum
543 2523 622 2587 fatis
639 2526 765 2588 coelum
781 2545 880 2591 omne
896 2526 1045 2591 vacavit.
1134 2506 1262 2615 abque

162 2682 224 2732 »109
234 2682 307 2728 incid.
391 2685 436 2730 191
455 2684 524 2730 nescit
534 2683 587 2745 qaid
602 2684 723 2743 perdatia,
740 2700 760 2745 q.
770 2684 859 2744 perdat,
869 2685 960 2731 meina
1043 2686 1092 2734 198
1108 2682 1214 2734 Μαι.

286 2749 334 2795 198
350 2748 454 2794 obsidere.
585 2751 633 2796 199
651 2748 813 2810 Perspesitqce.
943 2750 993 2797 199
1007 2762 1099 2799 names.

425 2815 473 2859 900
483 2811 554 2860 Solus.
750 2816 799 2861 9οι1
815 2812 914 2873 Spectari
923 2821 953 2861 to.

176 2952 231 2996 188.
249 2950 363 3013 Atacem]
381 2952 496 2998 Armeniae
510 2952 564 2999 flur.
706 2953 807 3013 Septem,
823 2951 874 2998 aliis
889 2966 964 2998 novem
980 2950 1047 2999 ostiis
1059 2951 1083 2998 in
1094 2964 1160 2999 mars
1178 2950 1249 3003 exin

176 3018 232 3062 189.
251 3014 296 3061 seb
306 3030 435 3078 quocunque
446 3016 502 3080 dia]
519 3016 567 3062 Sub
578 3030 680 3077 quacun-
706 3017 818 3071 creditus,
829 3017 869 3076 qni
879 3023 956 3063 tamen
966 3017 1017 3080 ipse
1024 3016 1095 3064 hodie
1102 3014 1145 3064 vix
1155 3022 1231 3069 extat.

144 3080 254 3144 qnecoeli
269 3079 345 3141 plaga.
739 3084 794 3129 197.
812 3081 856 3128 Seri
875 3083 977 3140 toriitnss,
994 3080 1053 3143 &c.]
1078 3081 1135 3128 Siva
1151 3080 1248 3137 bludo

180 3148 235 3193 191.
254 3144 475 3208 Quidpcrdct,&c.]
493 3144 681 3192 Libertatemsu-
705 3145 792 3192 tonitru
801 3151 835 3191 ‘et
849 3146 983 3193 fulminibus
1004 3146 1139 3202 adverterit,
1164 3146 1217 3195 si'rc
1232 3162 1248 3195 ο

144 3227 188 3266 am,
205 3211 335 3272 pugnahac
352 3211 375 3256 in
395 3208 682 3272 Pharsaliciscampisop·
706 3211 808 3258 siderum
822 3210 982 3270 dispositione,
999 3212 1051 3259 sive
1068 3226 1082 3257 a
1100 3210 1163 3258 tristi
1183 3210 1248 3269 soli,

142 3291 253 3339 pressam.
706 3276 776 3330 Solis,
792 3275 929 3335 aetherisque
945 3276 1013 3323 facie.
1047 3274 1104 3322 Fuit
1121 3274 1186 3323 enin
1204 3274 1247 3323 ills

178 3345 233 3392 199.
252 3339 368 3403 Erigonae,
386 3338 442 3403 dte]
461 3339 557 3393 Patavii,
573 3340 600 3387 Ο.
623 3340 682 3386 Cor·
706 3341 756 3387 dies
765 3340 871 3386 omnibus
882 3340 933 3386 aliis
943 3339 1077 3388 dissimilis:
1094 3338 1247 3400 mencieb-

143 3406 226 3463 nelius‚
243 3405 362 3453 divinandi
374 3406 471 3451 scientis
481 3404 574 3458 nobilis,
590 3420 641 3451 eum
653 3420 682 3450 eo
706 3410 837 3452 servassent
848 3405 917 3465 periti
928 3406 1014 3466 ubique
1024 3420 1133 3466 augures,
1143 3406 1246 3453 noch*

143 3471 182 3518 die
198 3486 244 3531 quo
263 3472 416 3531 depugnatum
431 3479 467 3517 est
486 3469 581 3530 auguria
604 3471 682 3516 obser·
705 3474 742 3516 rai
759 3468 851 3515 difficile
866 3469 955 3516 cladem
970 3470 1127 3517 Pharsalicam
1142 3470 1168 3517 im
1183 3466 1248 3519 ml

143 3542 218 3590 caret,
234 3536 310 3595 primo
322 3542 412 3596 tempus
429 3536 504 3596 ipsum
516 3549 600 3594 pugnae
618 3540 682 3580 nota·
706 3535 861 3593 mundiparte
872 3534 981 3582 sensisse.

144 3599 265 3660 vit,idqno
273 3601 302 3646 iis
311 3600 451 3659 quiadrrant
459 3599 682 3661 significarindein-
740 3601 795 3646 198.
812 3598 871 3644 Aera
886 3614 925 3645 sea
944 3607 1023 3655 totum,
1038 3596 1097 3660 δια]
1121 3598 1181 3647 Sirs
1195 3596 1246 3647 ani-

144 3665 174 3711 de
190 3665 219 3710 ad
229 3666 373 3711 observanda
381 3666 447 3724 signa
458 3666 540 3712 iterum
550 3679 682 3722 conversus,
705 3663 838 3721 madvertit‚
855 3663 960 3711 coelestia
969 3678 1066 3724 corpora
1075 3678 1181 3727 pugnare
1191 3680 1246 3713 m

144 3727 225 3775 divino
239 3731 338 3790 quodam
352 3730 428 3776 furore
439 3731 527 3776 adlatus
538 3728 629 3784 exiluit,
641 3745 683 3775 vo·
706 3729 808 3783 mundo;
825 3743 852 3774 ac
863 3743 971 3775 recusare
986 3728 1137 3791 namralegs
1152 3726 1246 3778 barali

144 3793 261 3851 ciferatus,
276 3791 349 3839 Vincis
358 3811 370 3840 o
379 3795 461 3851 Casas,
468 3795 510 3841 &c
519 3793 581 3840 Plut.
591 3794 614 3838 in
622 3793 681 3840 (ἕως.
707 3808 773 3840 suum
782 3799 896 3854 torquere.
915 3792 1021 3841 Hmtcas.

146 3858 253 3906 Patavini
274 3865 350 3904 autem
365 3859 422 3906 dicti
440 3867 493 3906 sunt
503 3858 615 3919 Euganei,
632 3861 683 3906 He·
740 3860 795 3907 199.
813 3857 988 3923 Prospexitque]
1001 3858 1247 3922 Pmpeaitquchabm

145 3924 462 3982 natisetTrojanisoriundi.
707 3937 786 3969 omnes
797 3923 854 3969 Mss.
873 3920 973 3970 Grotius.
1058 3960 1062 3973 .

178 3992 234 4039 193.
252 3989 344 4048 Apamea
353 3991 426 4045 terris,
439 3986 497 4050 dre]
514 3988 583 4044 Aliis,
594 3990 649 4034 urbs
657 3986 682 4034 in
740 3990 795 4037 905.
809 3985 1246 4049 Οειινηπιοεὴοπιίπυω.]1ηοαυωση·

144 4068 203 4115 agro
214 4053 328 4100 Patavino
341 4070 345 4097 :
359 4054 426 4110 Aliis,
438 4055 528 4100 fluvius.
563 4053 622 4099 Mihi
632 4055 682 4099 fons
706 4067 750 4098 mos
767 4052 862 4098 homines
880 4059 957 4107 vocat,
974 4067 1032 4113 quos
1045 4052 1113 4100 Maro
1134 4052 1250 4115 &met

144 4119 239 4166 videtur
256 4133 307 4164 esse
318 4132 348 4162 ex
361 4120 471 4165 Suetonio
484 4119 506 4164 in
515 4118 567 4163 Tib.
578 4134 628 4178 cap.
642 4121 681 4164 14.
706 4117 896 4164 rmrndcmiiws.
930 4116 1191 4167 Osemmatomtnsm.
1212 4108 1245 4167 Ὁ

179 4187 235 4233 194.
252 4182 370 4230 Antenorei
386 4182 491 4246 Timavi]
511 4182 575 4228 fluv.
585 4183 609 4228 in
620 4183 682 4242 regi·
707 4183 785 4242 quanti
798 4189 863 4229 erant
876 4181 982 4238 Romani,
999 4189 1173 4244 qnantoesupra
1213 4234 1217 4245 Ι

144 4263 188 4297 one
204 4249 354 4302 Venetorum,
372 4250 402 4294 ad
423 4250 489 4307 cujus
506 4247 593 4293 fontem
611 4247 683 4293 Ante·
706 4262 786 4294 omnes
798 4252 879 4308 gentes
890 4247 943 4294 Diis
962 4262 1039 4307 aaran
1055 4254 1082 4294 at
1098 4262 1196 4311 quorun
1207 4262 1246 4297 tic·

143 4329 187 4360 nor
202 4315 274 4375 'l'roja
283 4313 398 4374 profugus
407 4312 530 4359 Patavium
549 4312 681 4358 condidisse
706 4313 751 4357 bus
762 4312 868 4359 notandis
881 4311 1046 4375 signandisque
1056 4311 1245 4387 animane&

142 4378 222 4427 fertur.
230 4379 296 4442 Virg.
307 4381 330 4425 1.
341 4377 435 4426 AEneid.
448 4375 591 4440 Dispngitur
599 4377 682 4442 undu]
705 4376 753 4423 lum
763 4376 876 4426 intentum
887 4378 983 4427 caverit.
