2784 4860
323 361 550 432 clvims
594 361 776 433 BELLI
821 361 932 433 LIB.
968 361 1057 431 vn.
1179 363 1248 432 wli

141 541 284 626 Impulit
299 544 463 616 amentes,
480 536 621 620 aurique
638 537 798 622 cupidine
814 557 930 603 caecos

140 653 195 718 Ire
218 673 320 735 super
342 650 488 732 gladios,
505 667 676 730 supraque
691 647 861 712 cadavera
874 653 1020 731 potrum,

139 763 185 828 Et
204 782 317 828 caesos
334 761 470 826 calcare
493 761 611 823 duces.
634 778 712 841 quae
728 757 835 834 fossa,
859 758 937 847 quis
952 778 1055 842 agger

139 875 314 940 Sustineat
328 873 475 957 pretium
496 870 590 946 belli,
607 869 840 952 scelerumque
862 872 1040 953 petentest
1181 871 1249 938 750

139 985 236 1052 Scire
250 986 381 1060 volunt,
399 987 529 1066 quanta
542 981 666 1045 fuerint
679 981 835 1045 mercede
857 985 1051 1071 nocentess

183 1097 348 1162 Invenere
364 1095 503 1178 quidem
518 1093 668 1176 spoliato
685 1091 834 1175 plurima
846 1088 986 1170 mundo,
1040 1108 1042 1114 ·

139 1208 314 1272 Bellorum
328 1209 364 1271 in
380 1210 536 1289 sumptus
552 1208 724 1286 congestae
739 1203 892 1286 pondera
906 1223 1054 1269 massae:

140 1318 210 1383 Sed
224 1339 294 1383 non
308 1318 491 1400 implerunt
505 1315 683 1399 cupientes
699 1314 814 1378 omnia
827 1319 969 1380 mentes.

140 1429 316 1514 Quicquid
327 1430 415 1494 fodit
430 1429 521 1504 Iber,
539 1426 703 1511 quioquid
717 1425 834 1507 Tagus
849 1425 983 1510 expulit
998 1425 1083 1504 auri,
1179 1427 1248 1493 755
1344 1477 1346 1479 -

143 1540 315 1625 Quodque
330 1543 412 1624 legit
427 1542 524 1606 dives
540 1539 681 1605 summis
693 1535 897 1620 Arimaspus
912 1537 1036 1616 arenis,
1370 1565 1375 1572 ·

141 1651 192 1717 Ut
204 1655 351 1737 rapiant,
366 1673 474 1736 parvo
494 1652 608 1716 scelus
628 1649 695 1714 hoc
714 1648 851 1715 venisse
866 1649 1045 1732 putabunt,

139 1761 228 1828 Cum
244 1765 310 1828 sibi
332 1765 499 1848 Tarpeias
514 1764 624 1827 victor
639 1759 858 1842 desponderit
871 1779 987 1825 arces:
1071 1792 1074 1800 ·

139 1873 228 1943 cam
243 1897 305 1959 spe
323 1875 490 1940 Romanae
507 1871 699 1958 promiserit
714 1869 829 1933 omnia
843 1869 992 1952 praedae:
1009 1934 1012 1940 Δ
1301 1957 1306 1972 .

139 1986 332 2070 Decipitur,
350 1989 442 2070 quod
455 1992 571 2052 castra
587 1985 686 2070 rapit.
712 1981 806 2064 capit
819 1981 927 2065 impia
940 1981 1060 2064 plebes
1171 1983 1249 2050 700

140 2095 281 2180 Cespite
296 2098 442 2181 patricio
458 2115 615 2161 somnos:
638 2113 853 2178 vacuumque
869 2093 981 2158 cubile

144 2295 277 2343 racemos.
327 2295 443 2342 essaeos.
493 2295 634 2341 751ruunt.
685 2293 850 2354 ratapant.
906 2260 1249 2355 tramutaapunmpnn.

251 2361 300 2407 756
319 2360 384 2413 Quod
396 2359 438 2422 teg.
601 2358 651 2407 757
659 2358 779 2416 putabant.
942 2360 991 2406 758
1003 2357 1146 2418 dispondere.
1243 2373 1246 2377 ’

141 2428 192 2476 760
202 2427 265 2487 petit.
277 2425 336 2485 rapit
348 2425 429 2470 omnic.
444 2423 520 2484 rapit:
536 2423 596 2482 capit
607 2420 694 2484 trifime.
729 2428 732 2433 ’
780 2423 828 2469 761
840 2437 946 2470 wmnann
1046 2425 1094 2469 751
1103 2430 1248 2488 stratttmqne.

143 2599 378 2664 quaeincastrisest
394 2597 684 2662 quaeqnovobisvictoriae
709 2613 779 2659 snpra
793 2613 830 2645 vs.
842 2600 898 2645 740.
933 2599 979 2645 Sed
1001 2614 1081 2646 aarum
1097 2601 1141 2646 hoc
1160 2600 1248 2662 Hispa-

137 2670 192 2728 jure
213 2667 319 2713 debetur.
346 2664 397 2712 Nec
415 2665 483 2727 ptura
502 2662 608 2725 locutus]
635 2662 683 2708 Hic
709 2679 763 2709 num
779 2663 803 2708 in
814 2664 897 2710 castris
908 2672 1000 2724 raptum
1012 2680 1057 2710 non
1076 2665 1160 2712 sufficit
1169 2665 1250 2713 nriliti-

142 2746 235 2792 qnoque
246 2732 310 2791 prior
322 2730 395 2776 editio
404 2729 492 2784 habuit,
503 2729 534 2775 sic
541 2728 609 2774 mnne
610 2729 683 2789 jusso,
709 2729 752 2774 bus
771 2727 907 2774 Caesarianis
923 2729 1000 2776 omnia
1016 2728 1162 2789 cupientibus
1174 2737 1198 2779 et
1213 2731 1251 2792 ip·

140 2796 203 2858 qnod
215 2796 364 2855 manuscripti
376 2801 496 2841 testantur.
515 2791 616 2839 Grotius.
691 2807 758 2838 sam
778 2795 874 2839 Romam
894 2792 940 2839 sibi
958 2793 1113 2854 diripiendam
1131 2810 1163 2842 ex
1183 2795 1250 2843 ducis

175 2863 232 2907 748.
251 2859 288 2906 lre
302 2875 366 2920 saper
375 2859 481 2922 gladios]
499 2856 593 2903 Nullam
603 2856 683 2918 impie-
708 2857 823 2916 promisso
835 2857 988 2918 sperantibus.
1045 2870 1051 2877 ·

141 2933 213 2973 tatem
225 2932 334 2971 verentur
344 2931 487 2985 perpetrare,
499 2922 586 2970 auriac
598 2922 684 2983 prada
741 2924 798 2970 755.
817 2920 886 2987 iden]
913 2923 1042 2984 Hispanus.
1059 2922 1174 2984 Hispania
1194 2923 1249 2972 alirn

144 2990 193 3038 siti.
212 2989 316 3036 Hortens.
708 2985 806 3034 celebris
827 2994 876 3034 erat
892 2988 979 3037 fodinis
995 2987 1057 3042 anri,
1072 2989 1169 3048 argenti,
1186 2990 1250 3037 terri.

176 3058 232 3102 749.
252 3055 308 3108 Qua
316 3053 388 3115 josto,
402 3052 460 3115 dia]
478 3051 612 3113 Ecplronesi
628 3067 684 3115 con·
710 3050 785 3115 Tegna
796 3052 881 3113 erpntd
891 3053 964 3116 cari]
985 3053 1109 3101 Lusitaniae
1120 3054 1175 3102 lius.
1186 3055 1253 3103 asnis

142 3120 217 3166 cludit
227 3120 314 3166 rabiem
324 3118 482 3165 invadentium
494 3124 577 3164 eastra.
590 3115 657 3164 Hert.
700 3115 813 3179 feriripa
823 3117 887 3165 beata
900 3115 966 3182 Tagi.
989 3118 1059 3165 ond.
1074 3123 1111 3168 15.
1128 3119 1159 3166 cl.
1171 3119 1212 3167 lib.
1225 3124 1249 3167 1.

177 3187 234 3233 tna.
261 3183 370 3230 Invenere
389 3183 478 3245 quidem
499 3181 597 3242 multato,
625 3179 683 3244 δια]
709 3181 787 3228 Amor.

143 3249 226 3310 Captis
246 3249 337 3303 castris,
360 3244 485 3305 luxuriam,
504 3245 607 3293 victoriae
627 3245 684 3292 fidu·
741 3249 797 3295 756.
815 3246 946 3308 Arimaspus
964 3248 1057 3311 armis]
1075 3248 1176 3308 Scytliioe
1193 3263 1251 3310 gens

143 3315 212 3371 ciam,
229 3321 252 3360 et
262 3315 388 3361 vanitatem
399 3314 594 3372 Pompeianorum
605 3311 684 3357 videre
708 3312 816 3365 unocula,
837 3312 921 3358 accola
940 3313 1005 3359 duvii
1027 3312 1171 3372 cognominis
1189 3313 1251 3360 auri·

142 3378 219 3435 licuit,
236 3379 381 3425 offenderunt
401 3378 462 3424 enim
481 3375 583 3424 triclinia
605 3382 685 3432 strate,
709 3375 758 3430 tini,
776 3383 800 3424 et
818 3376 864 3437 ipsi
883 3392 961 3424 comas
975 3393 1031 3426 auro
1047 3377 1070 3423 in
1088 3377 1173 3424 nodam
1184 3377 1251 3426 oolli-
1353 3405 1355 3411 ν

143 3460 252 3506 magnum
271 3443 360 3505 argenti
381 3443 472 3504 pondus
492 3441 634 3502 expositum,
652 3449 686 3487 ta-
709 3441 773 3499 gea:
789 3449 816 3490 ut
835 3442 875 3502 qni
891 3457 970 3490 aarum
989 3459 1020 3491 os
1036 3441 1113 3489 menis
1132 3441 1250 3504 colligant.

144 3508 269 3556 bernacula
280 3516 355 3568 myrto
367 3513 391 3552 et
408 3507 493 3554 hedera
504 3513 621 3561 coronata,
639 3504 683 3553 &a
710 3505 842 3567 Aristaenus
851 3506 945 3569 armis]
963 3507 1013 3554 Lib.
1024 3511 1047 3556 3.
1060 3523 1095 3554 vs.
1106 3510 1161 3556 281.
1253 3533 1255 3537 ν

144 3574 209 3621 Plut.
230 3575 312 3633 Pomp.
326 3581 349 3620 et
369 3572 429 3618 Caes.
449 3578 571 3618 comment.
585 3573 607 3618 3.
632 3570 684 3631 Spo-
742 3574 799 3621 757.
820 3570 852 3618 Ut
861 3572 960 3632 raptarit,
973 3587 1053 3634 parvo,
1062 3569 1120 3634 dia]
1137 3572 1250 3630 Quamvis

144 3639 200 3686 licto
209 3637 311 3700 mando]
331 3637 401 3695 Quod
410 3636 465 3685 illan
477 3651 556 3683 ornnes
565 3650 639 3696 prope
650 3643 686 3683 to·
711 3637 759 3682 haec
777 3635 852 3682 omnia
868 3637 966 3698 rapiant,
982 3639 1096 3697 putabunt
1112 3645 1188 3685 tamen
1197 3638 1245 3688 iras

143 3703 191 3750 tius
207 3703 270 3750 Asiae
288 3704 427 3764 populorum
443 3717 501 3762 opes
518 3701 686 3762 propemodum
711 3717 757 3747 non
768 3703 909 3764 respondere
922 3701 1011 3750 meritis
1031 3702 1087 3750 belli
1102 3702 1181 3752 civilis

145 3776 263 3829 congestae
283 3775 378 3825 essent,
395 3782 451 3827 quas
471 3766 509 3813 hio
526 3772 596 3814 vocat
610 3765 687 3827 spolia
712 3766 778 3827 gesti.

144 3833 315 3880 totinsmnndi.
335 3831 473 3879 umento.
743 3834 799 3880 758.
819 3829 925 3891 Tarpeiae
944 3832 1002 3878 nicto
1020 3831 1158 3892 desponderit
1168 3847 1252 3896 nmen,
1277 3877 1278 3881 ,
1352 3867 1356 3873 ·

177 3900 234 3948 753.
254 3896 353 3958 Massa]
371 3896 429 3944 Auri
441 3903 464 3942 et
474 3895 572 3956 argenti.
712 3896 781 3942 Rom.
794 3895 834 3942 lib.
846 3899 869 3942 1.
885 3911 920 3942 vs.
933 3899 989 3944 196.
1156 3924 1160 3930 ·

177 3965 234 4011 754.
253 3963 297 4009 Sed
319 3978 363 4008 nota
383 3961 513 4022 implerunt,
532 3959 589 4022 dte]
618 3961 687 4008 Hanc
744 3962 800 4008 760.
820 3959 958 4025 Decipitur]
989 3961 1063 4020 Quasi
1083 3960 1128 4008 sibi
1151 3977 1179 4008 so
1201 3962 1250 4010 sais

144 4027 268 4074 lectionem
287 4028 370 4087 probat
387 4027 420 4072 H.
437 4026 542 4081 Grotius,
559 4028 626 4086 qu'us
646 4041 695 4071 ειν
711 4025 785 4073 multo
806 4025 875 4087 plura
891 4026 1043 4085 promisisset,
1060 4041 1136 4088 >quani
1158 4027 1252 4077 invente

145 4093 337 4154 emplarscoutus
353 4107 410 4139 sum.
444 4091 504 4137 Mihi
520 4106 575 4138 vero
595 4090 687 4151 perpia-
711 4090 809 4138 fuerunt.
828 4090 930 4138 Hostem.
949 4089 1079 4152 Decipitur,
1095 4090 1153 4156 δια]
1178 4091 1253 4139 Heia

145 4165 184 4204 cet
204 4173 271 4219 quam
284 4157 369 4203 habent
389 4154 430 4202 lib.
452 4155 547 4216 vulgati.
581 4155 626 4202 Sed
642 4171 687 4201 non
712 4155 818 4203 nouae.
835 4162 862 4203 ut
876 4156 916 4218 qai
934 4155 979 4209 sibi
996 4157 1078 4203 Reme
1097 4155 1253 4217 direptionem

145 4222 241 4284 implevit
256 4223 369 4282 capientes
386 4221 458 4269 omnic
468 4227 557 4275 mentes,
576 4219 688 4280 Quicquid
712 4221 851 4280 promiserit.
1138 4220 1139 4223 ’
1168 4248 1171 4253 »

136 4289 202 4351 jodit
214 4287 271 4342 lber,
280 4286 322 4333 &e
332 4288 374 4334 hac
384 4293 460 4332 mente
470 4303 475 4332 :
490 4286 630 4332 invenerunt
637 4285 688 4344 qai-
744 4289 800 4334 781.
820 4285 904 4347 Cespite
912 4286 1007 4348 patricio
1016 4283 1118 4348 somnne]
1135 4285 1252 4334 sterns-
1262 4283 1269 4291 ⁸

146 4352 327 4400 demincastris
336 4350 452 4411 Pompeii,
463 4365 544 4397 auram
555 4350 688 4413 Hispanam
713 4351 773 4399 culis
786 4351 937 4412 patriciorum
953 4357 978 4400 et
993 4351 1081 4401 recenti
1098 4349 1186 4413 cespite
1197 4359 1252 4398 con·
1288 4378 1291 4383 .

145 4425 169 4464 et
182 4416 287 4466 Orientis
300 4431 370 4479 gesa,
387 4415 421 4465 uti
441 4415 519 4464 oasa
534 4421 688 4479 proposuerat
712 4413 798 4477 sustin
847 4478 853 4489 .
896 4446 913 4473 ‚-
976 4453 979 4458 -
1106 4445 1108 4450 ·
1351 4420 1353 4426 '

1216 4578 1229 4607 N
