2784 4860
323 364 547 432 orvrnrs
591 366 767 435 enum
812 346 929 436 mn.
962 368 1010 435 11.
1174 371 1216 433 aa

118 537 337 620 Oderuntque
353 540 465 620 gravis
478 540 616 604 vivacia
631 539 704 606 fata
718 549 877 620 senectae,
1175 546 1220 609 65
1302 617 1304 620 ,

117 648 347 732 Servatosque
363 649 486 713 iterum
498 652 598 715 bellis
614 652 773 746 civilibus
789 673 912 720 annos:

114 760 232 844 Atque
248 762 372 844 aliquis
387 782 510 844 magno
526 783 682 846 quaerens
699 766 858 848 exempla
871 767 994 843 timori,
1027 782 1029 786 ·

117 870 200 936 Non
215 873 762 955 aiios‚inquit,motust1mcfata
781 878 958 959 parabant,
1058 915 1059 918 =
1129 908 1133 913 ·

118 979 206 1044 Cum
220 987 301 1077 post
315 981 525 1048 Teutonicos
539 986 661 1062 victor,
677 984 895 1068 Libycosque
911 987 1100 1070 triumphos

118 1090 348 1155 Exullimosa
363 1091 495 1158 Marius
511 1100 615 1176 caput
634 1095 767 1159 abdidit
782 1095 871 1160 ulva.
943 1108 954 1168 j
1071 1140 1072 1143 ,
1140 1098 1217 1159 «70

63 1254 70 1286 ,
120 1201 249 1284 Stagna
265 1202 358 1266 avidi
373 1207 487 1266 texere
503 1206 583 1279 soli,
596 1205 756 1286 laxaeque
771 1206 915 1286 paludes

117 1311 325 1395 Depositum
341 1311 618 1404 Fortunafltuum:
640 1333 724 1378 mox
744 1315 883 1378 vincum
896 1315 975 1379 ferri

118 1419 275 1486 Exedere
291 1443 418 1500 senem,
434 1424 624 1506 longusque
639 1424 826 1496 incarcere
840 1425 971 1506 paedor.

120 1530 267 1608 Consul,
279 1540 314 1598 et
329 1553 449 1598 eversa
462 1534 547 1597 felix
561 1534 742 1597 morimms
756 1534 792 1596 in
805 1536 888 1598 urbe
1110 1601 1116 1611 .

118 1641 249 1706 Poenas
265 1651 341 1708 ante
357 1645 462 1709 dabat
477 1645 653 1709 scelerum.
675 1663 767 1708 mors
786 1645 865 1727 ipsa
881 1645 1004 1727 refugit
1121 1696 1123 1701 .
1175 1647 1219 1711 75

118 1751 222 1835 Saepe
237 1731 362 1830 dirum,
373 1754 563 1837 frustraque
578 1754 668 1818 hosti
683 1758 736 1817 est
750 1774 917 1818 concessa
935 1761 1089 1838 potestas

117 1860 302 1945 Sanguinis
317 1864 430 1929 invisi.
452 1865 565 1948 primo
579 1864 638 1946 qui
654 1863 760 1926 caedis
775 1865 810 1926 in
825 1865 896 1928 ictu

458 1965 568 2036 rr‘uea.
699 1987 870 2036 renorma.

117 2101 219 2146 fetorum
241 2109 334 2162 questos
355 2107 379 2148 et
401 2099 472 2156 nimio
496 2102 526 2148 de
550 2099 656 2156 stamine,
681 2099 1218 2161 Mintumenslumpaludibus,demersuscala·

119 2165 183 2226 quod
192 2166 241 2211 brec
252 2167 275 2211 in
283 2172 387 2227 tempora
395 2165 487 2223 durent,
495 2167 557 2227 quod
566 2166 656 2212 facinus
680 2166 760 2212 miset
774 2165 917 2226 palustribus
936 2166 1013 2212 herbis
1030 2172 1106 2212 tectus
1117 2167 1217 2225 delituit.

119 2229 254 2276 admiserint
267 2229 363 2290 dignum
373 2237 419 2276 tam
437 2231 507 2290 longo
524 2246 585 2276 aevo.
600 2229 655 2276 Juv.
680 2229 734 2275 binc'
748 2244 867 2290 emergens
884 2228 987 2288 equiturn
1004 2229 1104 2290 strepitu
1113 2233 1218 2287 territus,

120 2297 161 2340 10.
171 2301 215 2340 sat.
681 2296 709 2340 ab
725 2293 756 2340 iis
772 2310 831 2353 quos
850 2294 999 2340 Genrinianus
1018 2294 1114 2340 miserat
1134 2297 1218 2356 depre-

152 2362 193 2406 67.
211 2357 284 2419 Atque
313 2358 402 2418 aliqua,
429 2356 487 2419 dra]
515 2359 593 2419 Atque
616 2358 656 2403 uli·
681 2359 774 2413 bensus,
788 2358 951 2404 Minturnasin
969 2358 1143 2415 custodiam,ut
1159 2364 1218 2420 pub·
1267 2378 1270 2379 ⁷

120 2422 174 2481 quis
183 2437 263 2468 senum
274 2437 428 2482 expressurus
438 2430 575 2481 praesentem
595 2423 655 2469 calu-
679 2422 724 2468 lice
735 2428 856 2479 necaretur
864 2424 973 2482 abreptus
983 2430 1027 2468 est.

118 2486 232 2542 mitatem,
247 2487 333 2546 repetit
348 2487 424 2534 civilis
440 2488 500 2533 inter
515 2487 615 2534 Marium
632 2494 655 2533 et
713 2490 753 2534 71.
770 2486 858 2545 Stagna
869 2487 939 2541 aradi,
951 2485 1008 2548 &c.]
1028 2486 1096 2533 Uoidr'
1107 2489 1158 2534 MS.
1170 2489 1215 2535 Pu·

117 2550 288 2610 Syllam-belli
309 2552 400 2607 faciem,
421 2551 458 2597 oui
481 2551 539 2598 banc
558 2555 653 2599 confert.
680 2552 1218 2614 munemundepromptumemendare:Stagna

119 2615 184 2661 Audi
200 2615 299 2662 Dionem
308 2615 399 2676 lib.fl1.
432 2615 654 2664 Jamcumiraseu-
680 2616 811 2662 rediterare
828 2616 877 2661 soii.
911 2617 962 2661 Neo
980 2616 1092 2670 dubitem,
1110 2617 1165 2676 quin
1185 2618 1218 2664 itu

118 2679 275 2740 piditatesque
289 2679 420 2741 eorumqui
432 2683 654 2741 Romumpetebant,
679 2680 811 2740 legendum.
845 2678 947 2736 Grotius.
971 2678 1041 2726 Uuidi
1060 2687 1136 2726 terere
1155 2681 1216 2743 solt]

119 2759 199 2791 seeum
215 2745 380 2804 expenderent,
396 2746 550 2805 memoriaque
564 2752 654 2806 repete·
680 2745 769 2790 Bibuli.
796 2743 908 2804 Lucaque
916 2743 1031 2806 paludes]
1048 2746 1106 2803 Quae
1117 2746 1216 2792 Marium

116 2814 170 2854 rent
178 2808 238 2855 mala
246 2809 389 2869 superiorum
397 2815 534 2868 tempormn,
541 2825 592 2869 quae
603 2826 654 2870 par·
680 2810 811 2855 demersum
822 2809 977 2855 admitterent.
1032 2828 1041 2843 κ

119 2872 163 2919 tim
178 2872 226 2933 ipsi
248 2880 373 2927 senserant,
390 2874 474 2934 partim
493 2871 526 2920 ax'
544 2875 596 2920 aliis
615 2890 654 2920 au·
712 2875 753 2918 it.
772 2872 922 2935 Depositum]
940 2873 1216 2936 Reservatumadsepti-
1274 2904 1278 2918 .

115 2937 218 2991 dietant,
227 2936 354 2998 cogitantes
363 2953 414 2998 quae
431 2944 455 2983 et
465 2943 549 2998 quantu
566 2939 654 2985 Marius
679 2953 742 2984 mum
753 2937 910 2984 Consulatum.

117 3016 148 3048 ac
169 3002 249 3062 Scylla
271 3001 399 3048 edidissent
417 3000 526 3056 facinora,
546 3001 602 3048 nihil
625 3004 654 3048 de
712 3001 752 3048 73.
771 3001 893 3062 Exedere]
911 3001 1037 3056 Attrivere,
1045 3017 1216 3064 consumpsere.
1264 3000 1272 3008 “

118 3067 214 3113 Caere
224 3066 335 3112 moderati
350 3066 398 3113 sibi
413 3065 595 3127 pollicebantur:
612 3069 655 3114 sed
712 3066 753 3113 74.
771 3065 863 3120 Consul,
875 3065 932 3127 &c.]
948 3068 1004 3112 Cos.
1021 3066 1144 3126 septimum
1154 3069 1216 3114 futu-

117 3130 188 3192 longe
207 3130 273 3190 plura
292 3138 361 3190 atque
383 3130 496 3176 atrociora
516 3132 655 3187 metuebant,
680 3144 720 3175 rus
731 3137 755 3176 et
766 3130 842 3177 victor
851 3130 958 3190 ultorque
973 3130 1073 3177 hostiurn
1092 3131 1215 3179 neritum

119 3195 183 3254 quod
195 3197 245 3254 ejus
254 3195 340 3241 milites
350 3195 431 3255 majori
442 3211 477 3241 ex.
490 3201 553 3257 parte
564 3195 655 3242 barbari
680 3193 704 3240 in
714 3196 780 3240 urbe.

117 3265 192 3306 etant.
712 3259 753 3305 75.
771 3258 853 3306 Poecce
862 3266 915 3305 autc
927 3257 1134 3320 dobutecelerum]
1152 3259 1215 3306 Tulit

154 3328 195 3373 ⁶8.
213 3321 345 3388 Tuucsutu,
354 3320 412 3384 διο]
430 3321 509 3370 Priori
519 3323 583 3370 cirili
593 3324 655 3371 bello
676 3325 725 3382 jarn
735 3337 815 3383 poenas
826 3338 905 3371 eorum
914 3323 1027 3379 scelerum
1038 3338 1089 3383 qure
1097 3330 1216 3383 perpetra·

119 3387 433 3446 iaterMariumetSyllam.
679 3395 746 3434 turus
764 3394 812 3434 erat
835 3388 958 3447 postmodo
979 3389 1074 3433 Romam
1097 3399 1215 3449 reversas.
1311 3419 1315 3423 ·

153 3455 194 3502 69.
212 3451 270 3498 Cum
287 3460 335 3514 port
354 3451 494 3506 Teutonicos,
511 3450 569 3515 dre]
586 3453 655 3500 Post·
681 3450 878 3513 Morsipsu,&o.]
895 3451 1004 3499 Carnifex
1015 3439 1214 3514 blintmmlffii'fm,

117 3531 187 3576 quam
205 3517 370 3577 triumphasset
382 3518 412 3563 de
428 3513 542 3576 Iugurtha
560 3519 656 3564 subacta
679 3516 773 3563 Cimber
787 3517 938 3571 ceu-Gallus,
954 3515 1073 3576 ingressus
1091 3530 1215 3571 carcerem,

118 3580 247 3638 Numidia;
263 3587 288 3628 et
301 3587 384 3642 postea
398 3581 428 3628 de
444 3581 545 3628 Cimbris
556 3589 580 3630 et
592 3584 655 3630 Teu·
679 3580 857 3636 tenebricosum,
868 3595 1022 3640 percussurus
1033 3580 1142 3636 Marium,
1155 3579 1216 3628 vidit

117 3645 221 3694 tonibus·
238 3661 308 3706 supra
317 3645 359 3693 lib.
371 3650 394 3692 1.
410 3659 472 3692 vers.
485 3648 541 3695 754.
563 3640 568 3650 ’
678 3645 756 3706 ignem
767 3661 798 3692 ex
813 3645 886 3692 oculis
896 3643 965 3690 Marii
975 3644 1119 3699 emicantem,
1131 3645 1215 3692 audiit·

114 3735 118 3741 ·
151 3708 543 3772 ⁷0..E1ulltmoscMan'us,&c.]
560 3712 588 3757 G.
603 3711 653 3757 Ma·
679 3715 725 3770 que‘
739 3723 835 3757 rocem:
854 3707 918 3756 'ibae
935 3708 998 3754 bomo
1009 3708 1113 3755 Marium
1127 3710 1213 3772 interfi-

115 3772 167 3820 rius
178 3773 293 3829 inridens,
301 3776 357 3822 Gor.
366 3774 436 3836 sylla
445 3774 541 3834 gloriam
551 3775 655 3822 traditio
675 3783 730 3821 ‘cere
746 3774 834 3821 audes?
859 3774 964 3821 Territus
984 3773 1044 3835 sugit
1066 3772 1167 3829 Cimber,
1191 3781 1215 3822 et

113 3837 216 3884 *Boocbo
232 3837 369 3898 Jugurtbae3
385 3844 409 3886 et
427 3838 552 3886 ambitione
563 3840 654 3894 ardeus,
677 3839 850 3886 Minturnenses
871 3837 1018 3885 miseratione
1040 3844 1065 3884 et
1083 3839 1215 3885 reverentia

115 3902 220 3949 delatam
231 3903 302 3963 Syllre
312 3902 395 3950 'comm
405 3902 565 3950 Mithridatem
581 3919 654 3964 expe·
678 3903 733 3958 viri,
749 3904 863 3962 quondam
880 3902 981 3950 vindicis
991 3902 1065 3950 ltaiiae
1083 3902 1148 3958 dicti,
1163 3904 1213 3949 Ma*

115 3966 238 4021 ditionem,
255 3974 279 4014 et
288 3968 410 4029 imperium
422 3969 532 4029 abrogare
545 3984 588 4029 per
602 3969 655 4016 Sul·
677 3968 737 4015 rium
748 3967 866 4015 dimisere.

116 4030 202 4092 pitiom
213 4031 267 4079 trib.
277 4033 310 4094 pl.
321 4039 425 4087 conatus,
442 4032 538 4094 Syllam,
555 4033 595 4093 qui
612 4034 653 4079 ad·
710 4035 750 4079 76.
768 4028 1133 4092 [testimoniummeruit]
1151 4031 1213 4079 Cim·

115 4095 163 4142 buo
179 4095 204 4142 iu
220 4097 346 4157 Campania
362 4096 455 4147 sociblis
466 4097 525 4144 belli
543 4097 652 4157 reliquias
678 4099 728 4152 bro,
740 4095 819 4144 olima
835 4112 930 4144 numero
945 4095 1046 4143 bostium
1056 4110 1071 4141 a
1081 4095 1157 4158 Mario
1172 4099 1213 4144 de·

114 4161 308 4221 persequebatur,
316 4160 425 4208 irritavit.
443 4161 653 4223 Hicitaqueexer-
677 4161 800 4209 victorum.

115 4224 165 4270 citu
177 4226 274 4272 Romam
283 4227 363 4282 ducto,
378 4227 466 4272 Urbem
476 4225 603 4287 ingressus,
611 4228 652 4274 de·
707 4229 750 4276 77.
767 4225 891 4289 Surrguiuir
901 4223 989 4288 incisi]
1001 4224 1078 4281 Marii,
1087 4241 1155 4286 quem
1164 4225 1213 4272 vic-

115 4288 195 4335 viotos
204 4290 350 4337 adversarios
361 4305 392 4337 ex
403 4292 464 4341 S.·G.
475 4291 554 4337 bostes
561 4291 651 4350 judica·
677 4298 750 4340 torem
762 4291 850 4338 oderat.

115 4355 219 4401 tosurbe
230 4355 329 4416 expulit.
346 4355 617 4420 illapmstugaelariua
627 4356 651 4404 iu
