2784 4860
296 448 298 452 ὗ
352 339 592 415 ,clvlms
637 339 815 417 BELLI
851 343 967 418 LIB.
1001 348 1063 420 IV.
1201 356 1268 424 lss

168 509 321 584 Primum
337 540 426 586 cana
440 523 530 587 salix
544 523 736 590 madefacto
751 525 876 589 vimine
890 544 1032 607 parvam

168 627 312 719 Texitur
327 630 363 693 in
374 624 538 714 puppim,
562 644 721 716 caesoque
742 632 882 696 inducta
891 635 1041 716 juvenco

131 779 137 789 ·
165 725 325 800 Vectoris
339 739 473 821 patiens
488 719 653 804 tumidum
668 729 885 823 superenatat
901 759 1044 807 amnem.

167 843 226 907 Sic
242 844 395 910 Venetus
418 853 595 929 stagnante
617 834 727 923 Pado,
743 850 889 931 fusoque
903 846 1085 916 Britannus

81 964 82 968 ’
165 951 317 1035 Navigat
332 953 492 1034 Oceano:
516 958 566 1020 sie
583 969 660 1018 cum
675 962 766 1020 tenet
787 959 901 1021 omriia
915 957 1029 1036 Nilus,
1166 957 1168 963 '

165 1060 363 1126 Conseritur
380 1046 498 1127 bibula
513 1064 719 1146 Memphitis
728 1066 851 1147 cymba
864 1078 1011 1149 papyro:

164 1171 233 1235 His
254 1173 383 1236 ratibus
405 1173 547 1256 trajecta
560 1192 680 1236 manus
696 1164 833 1238 festinat
846 1175 1001 1258 utrinque

163 1275 345 1344 Succisum
358 1300 497 1344 curvare
508 1300 646 1344 nemus:
669 1271 831 1365 fluviique
845 1284 971 1350 ferocis

161 1387 375 1453 Incrementa
388 1389 524 1464 timens,
540 1408 607 1453 non
629 1390 747 1472 primis
761 1393 884 1456 robora
898 1395 984 1477 ripis

161 1497 349 1580 Imposuit:
372 1499 504 1562 medios
520 1503 658 1581 pontem
679 1500 841 1565 distendit
855 1480 1016 1586 inagros.
1160 1513 1162 1516 ’
1191 1490 1269 1592 14οχ
1309 1559 1310 1562 .

159 1605 214 1669 Ac
229 1627 272 1670 ne
288 1607 370 1689 quid
390 1607 518 1672 Sicoris
533 1597 686 1691 repetitis
703 1598 827 1672 audeat
840 1612 953 1688 undis,

160 1703 335 1798 Spargitur
352 1718 389 1780 in
409 1718 535 1794 sulcos,
559 1723 593 1782 et
608 1714 717 1783 scisso
737 1719 866 1801 gurgite
880 1722 963 1786 rivis

160 1810 231 1888 Dat
244 1847 366 1909 poenas
381 1828 520 1910 majoris
536 1848 646 1911 aquae.
692 1827 881 1911 Postquam
897 1833 1010 1896 omnia
1024 1833 1105 1901 fatis

159 1933 309 2000 Gaesaris
322 1938 370 2000 ire
384 1938 487 2015 videt,
511 1939 638 2002 celsam
653 1936 812 2020 Petrejus
827 1938 974 2004 Ilerdam
1299 2018 1301 2021 ¹

159 2044 312 2110 Deserit:
336 2053 370 2111 et
390 2049 463 2112 noti
484 2048 612 2112 diffisus
632 2046 761 2111 viribus
783 2048 886 2125 orbis,
1172 2051 1252 2121 ,145

157 2153 347 2222 Indomitos
368 2159 489 2242 quaerit
509 2147 671 2242 populos,
694 2161 728 2220 et
743 2175 875 2240 semper
894 2158 930 2222 in
949 2177 1043 2223 arma
1129 2183 1133 2193 ’

158 2262 281 2330 Martis
297 2287 410 2334 amore
425 2268 526 2348 feros,
547 2273 581 2333 et
603 2265 709 2333 tendit
721 2266 758 2332 in
772 2267 892 2331 ultima
906 2267 1034 2345 mundi.

157 2425 316 2486 rsapappem.
394 2429 540 2476 raritate.
605 2407 981 2490 casamassapaaaa
1060 2431 1245 2495 rarrranpeaa

197 2492 245 2540 139
253 2499 335 2538 renem.
384 2496 431 2542 139
440 2496 501 2540 aaa.
551 2497 597 2540 141
609 2494 647 2538 rr.
699 2491 812 2552 urfica.
862 2497 990 2540 scaevas.
1042 2497 1090 2544 145
1100 2492 1203 2561 raffau.

187 2618 243 2663 131.
261 2617 434 2677 Prirnumcaaa
444 2621 499 2682 δια]
516 2622 618 2680 Imperat
626 2619 687 2666 mili-
711 2618 854 2676 pabulationi
864 2619 951 2665 affatim
962 2620 1098 2668 consultum.

154 2679 216 2727 tibus
226 2683 313 2739 Caesar,
323 2693 350 2731 ut
362 2701 431 2731 naves
447 2687 531 2749 saciant
542 2688 606 2746 cujus
618 2701 686 2744 gene·
744 2685 798 2729 138.
816 2674 932 2730 Succisum
948 2689 1043 2730 curvare
1055 2684 1152 2749 nemas]
1169 2689 1243 2737 Mate.

153 2744 187 2791 ris
204 2761 258 2792 eum
277 2749 433 2809 superioribus
451 2750 514 2795 annis
529 2763 584 2795 usus
595 2749 686 2794 Britan·
711 2745 767 2791 riam
778 2763 880 2807 quoerere
890 2747 958 2806 ponti
973 2747 1085 2806 faciendo.
1104 2749 1167 2797 Grot.
1186 2753 1243 2800 Flu-

155 2809 198 2855 πίω
209 2812 328 2867 docuerat,
336 2813 417 2859 cannae
428 2829 455 2859 ac
466 2814 586 2860 statumina
597 2827 627 2857 ex
639 2813 686 2858 levi
709 2809 783 2875 talpam
787 2811 884 2874 semels,
891 2811 949 2873 dra]
965 2811 1058 2858 'l'imens
1065 2826 1095 2860 ne
1100 2813 1188 2866 Sicoris
1197 2818 1240 2865 iin-

154 2874 250 2921 materia
261 2875 356 2923 fiebant:
370 2878 483 2938 reliquum
494 2893 577 2938 eorpus
593 2876 685 2923 nariam
709 2880 818 2934 petuosus
829 2881 949 2937 augeretur
960 2889 986 2920 ac
997 2882 1117 2924 cresceret.

154 2937 278 2986 viminibus
291 2948 433 2995 ,conanum
444 2942 513 2988 coriis
533 2942 682 3004 integebatur.
741 2942 796 2989 141.
813 2940 847 3005 Ac
862 2955 890 2986 ae
909 2941 963 3000 qaid
974 2939 1062 2996 sana,
1079 2939 1137 3003 δια]
1153 2935 1240 3000 Cacsar,

152 2999 279 3050 Commeat
294 3005 516 3068 1.Aaeam(inquit
534 3007 591 3053 Plin.
606 3005 646 3052 lib.
659 3011 682 3054 4.
708 3023 738 3054 ne
756 3011 847 3064 semper
866 3019 949 3064 magno
967 3001 1069 3050 circuitu·
1085 3019 1127 3064 per
1144 3014 1240 3066 pontem

152 3080 202 3127 esp.
216 3067 269 3131 16.)
287 3067 392 3116 Britanni
405 3071 503 3118 vitilibus
518 3072 613 3134 nangiis
626 3072 684 3117 corio
707 3070 822 3132 equitatus
832 3075 894 3115 esset
904 3068 1240 3124 mittendus,nactusidonemn

150 3132 292 3179 circumsutis
304 3135 418 3196 moigcnt.
707 3137 792 3192 locum,
806 3136 879 3180 leam
896 3129 980 3196 pedum
996 3133 1037 3179 30.
1054 3131 1079 3178 in
1093 3131 1239 3182 latitudinem

181 3197 239 3243 132.
255 3195 362 3256 Iuvenes,
375 3197 430 3261 dac]
451 3199 520 3246 Corio
535 3199 628 3256 bubulo,
641 3198 682 3263 Sy·
706 3200 836 3262 complures
845 3197 920 3244 facere
931 3195 1040 3251 instituit,
1057 3197 1138 3257 quibus
1148 3206 1237 3258 partem

149 3259 212 3307 md·
308 3314 309 3317 ,
706 3265 803 3326 aliquam
812 3262 898 3308 Sicoris
907 3267 1029 3315 averteret,
1039 3261 1237 3322 vadumquaineo

181 3325 238 3374 134.
255 3326 293 3373 Sic
306 3324 401 3375 Venetas
409 3335 524 3392 stagnante
536 3327 617 3390 Paria]
635 3330 680 3376 Cu·
705 3329 758 3376 fluv.
771 3327 875 3374 efficeret.
886 3326 978 3373 Coram?
984 3328 1005 3370 1.
1021 3325 1072 3370 Has
1079 3325 1164 3384 prioris
1169 3324 1237 3373 Inun-

145 3388 248 3448 jusmodi
258 3391 358 3452 navigiis
368 3400 462 3440 utuntur
472 3394 555 3440 Veneti
572 3409 597 3440 se
608 3393 681 3440 eli'un·
705 3393 805 3440 dationis
826 3406 906 3454 poenas
929 3388 1022 3435 dedisse
1051 3388 1151 3436 Sicorim
1179 3390 1237 3439 dicit

148 3450 217 3501 dente
234 3454 308 3512 Pado,
328 3457 432 3504 Britanni
451 3454 475 3503 in
492 3458 584 3504 Oceano
604 3458 679 3504 ventis
703 3466 779 3518 poeta.
818 3511 819 3516 ,
1168 3514 1174 3530 ι

146 3516 247 3577 placido,
258 3519 363 3580 AEgyptii
373 3522 496 3568 inundante
503 3523 566 3568 Nilo.
577 3536 679 3582 papyrus
737 3525 791 3570 143.
809 3520 927 3580 Postquam
936 3516 1017 3573 mnia,
1028 3514 1085 3578 bra]
1094 3514 1203 3592 Qui
1211 3523 1237 3566 et

146 3582 223 3630 'tutem
236 3583 314 3630 frutex
325 3590 361 3631 est
371 3577 487 3647 palustris,
500 3586 561 3632 unde
572 3586 679 3648 AEgyptii
704 3586 810 3647 Petrejns
820 3584 945 3630 Intercluso
956 3580 1000 3628 sibi
1011 3596 1025 3628 a
1035 3581 1133 3656 (insacia
1145 3586 1235 3642 equa·

146 3645 238 3708 navigia
248 3655 381 3704 contexunt,
397 3649 430 3696 uti
442 3665 473 3696 ex
486 3646 545 3698 libra
558 3653 608 3711 ejus
618 3651 677 3709 vela,
703 3657 728 3696 ta
746 3652 858 3697 immerito
874 3647 1016 3710 pabuloque,
1031 3643 1160 3711 deiecbone
1177 3645 1235 3692 item

145 3711 325 3772 legetesdoues',
337 3721 420 3770 vestes,
432 3712 475 3760 &a
701 3711 956 3762 civitatametcresaris
965 3709 1088 3762 amdan
1096 3711 1237 3766 naphtam,

176 3778 234 3826 136.
252 3774 400 3839 emeritus]
409 3778 547 3826 Conteritur
555 3778 677 3840 AEgyplia-
701 3779 807 3841 permoti,
817 3779 841 3825 in
852 3775 1000 3824 Celtiberiam
1015 3773 1101 3850 bellum
1110 3773 1234 3820 masam

145 3852 172 3885 cs
190 3841 274 3900 cymba
292 3841 370 3888 bibula
388 3847 482 3904 papyro.
506 3844 570 3890 Alibi
588 3844 676 3890 dictum
701 3851 812 3900 statuunt,
834 3857 885 3902 quae
910 3839 935 3886 in
960 3838 1061 3886 amicitia
1078 3843 1234 3899 pemsnssrst

145 3901 273 3964 Memphim
282 3907 369 3966 regiam
377 3906 474 3967 AEgypti
483 3907 564 3964 foisse,
575 3914 599 3954 et
607 3908 676 3954 hodie
700 3907 815 3969 Pompeii,
825 3905 913 3967 magnis
923 3906 973 3965 ejus
989 3903 1014 3949 in
1024 3901 1156 3977 &maiano
1170 3899 1232 3946 bello

144 3965 237 4014 currum
246 3969 365 4030 appellari.
384 3970 487 4018 Hortaris.
700 3972 783 4018 affecta
793 3969 919 4024 beneflciis,
934 3974 957 4015 et
967 3967 1030 4028 qnod
1040 3969 1139 4015 Gustus
1148 3974 1232 4011 nornen

175 4033 232 4080 137.
250 4031 292 4080 His
308 4034 393 4080 ratibus
409 4038 508 4096 traiecta,
528 4034 583 4099 bra]
602 4034 676 4082 Navi·
700 4036 723 4083 in
735 4036 838 4083 barbaris
850 4041 899 4082 erat
905 4032 1034 4085 obscurius.

142 4094 206 4144 salas
217 4097 258 4143 bas
270 4099 340 4145 canis
347 4100 433 4159 junefis
441 4101 534 4148 devehit
545 4108 615 4147 noctu
624 4102 675 4146 Ger·
732 4103 787 4150 145.
806 4097 892 4160 Orbita]
909 4095 1020 4161 Regionis
1027 4093 1108 4165 laqus
1118 4097 1189 4147 mir
1200 4090 1231 4136 fid

138 4161 366 4220 subbpassuuma
383 4163 513 4214 maara.
533 4164 674 4225 quibustrn·
700 4160 964 4226 eesjsninotinrnttsz
1066 4219 1072 4233 ι

138 4224 199 4285 jecti
208 4225 302 4283 milites,
312 4228 421 4276 ulteriore
430 4229 481 4290 ripa
488 4234 675 4290 occupataatque
731 4231 787 4279 146.
804 4227 930 4285 Indomitos,
941 4221 996 4284 aa]
1013 4217 1164 4294 (lellrlroros.¹

139 4287 236 4346 munita,
247 4291 346 4339 succidit
357 4293 476 4340 materiam
485 4293 552 4354 ponti
561 4293 674 4350 iaciendo,
731 4297 786 4341 147.
804 4291 834 4340 In
843 4293 925 4341 altimo
934 4285 1035 4349 maadi]
1053 4286 1081 4333 la
1097 4284 1228 4331 ulteriorem

139 4367 210 4414 quem
219 4354 291 4404 biduo
301 4357 398 4420 perlicit.
404 4357 438 4406 ita
444 4357 480 4406 rei
488 4356 641 4406 armentaria
650 4362 675 4403 et
699 4357 845 4421 Hispaniam.
