2784 4860
144 348 218 418 124¹
426 351 478 420 M.
519 350 726 423 ANNAEI
769 353 1023 428 Lucum:
1065 392 1074 425 .·

144 526 248 611 Saepe
265 545 371 592 cavas
389 532 485 592 motu
499 494 742 613 terrae‘mugire
757 551 936 612 caremus,

143 626 189 691 Et
204 627 469 710 procumbentes
484 627 606 692 iterum
622 648 826 710 consurgere
842 636 969 710 taxos,

140 735 188 801 Et
202 756 271 800 non
286 736 435 800 ardentis
452 736 582 818 fulgere
598 737 759 802 incendia
775 739 884 818 silvae,
1052 810 1061 819 ,

142 846 355 932 Roboraque
372 848 551 931 amplexos
567 848 839 914 circumfluxisse
854 850 1032 917 dracones.
1129 901 1132 907 .

142 957 227 1025 Non
242 959 339 1024 illum
355 959 449 1023 cultu
464 959 586 1042 populi
601 960 762 1043 propiore
777 958 1017 1043 frequentant,

144 1069 214 1134 Sed
231 1090 366 1134 cessere
383 1069 468 1133 deis.
485 1069 599 1134 medio
615 1090 694 1134 cum
709 1068 864 1135 Phoebus
879 1071 915 1135 iu
929 1091 997 1136 axe
1011 1074 1076 1150 est,

146 1179 219 1244 Aut
234 1180 361 1244 coelum
376 1199 448 1261 nox
464 1184 538 1243 atra
558 1184 660 1256 tenet,
676 1185 781 1263 pavet
795 1180 871 1263 ipse
887 1181 1051 1247 sacerdos
1139 1185 1141 1188 ’

143 1289 332 1366 Accessus‚
351 1289 592 1372 dominumque
607 1289 701 1355 timet
716 1289 922 1373 deprendere
936 1291 1019 1355 luci.

188 1401 293 1467 Hanc
306 1399 406 1484 jubet
421 1399 576 1464 immisso
592 1400 715 1464 silvam
729 1403 953 1484 procumbere
968 1399 1056 1467 ferro
1068 1420 1090 1467 τ’.

142 1515 238 1581 Nam
253 1510 370 1578 vicina
385 1512 493 1597 operi,
509 1512 669 1595 belloque
685 1513 814 1576 intacta
828 1513 945 1596 priori¹

141 1626 239 1691 Inter
255 1623 402 1688 nudatos
418 1623 532 1687 stabat
546 1623 752 1687 densissima
765 1627 917 1688 montes.

140 1736 211 1801 Sed
226 1735 331 1800 fortes
346 1740 510 1800 tremuere
526 1753 665 1812 manus,
682 1735 834 1818 motique
849 1736 999 1801 verenda

46 1820 50 1828 ’
141 1846 327 1931 Majestate
349 1845 431 1922 luci,
448 1845 479 1908 si
493 1845 620 1909 robora
635 1864 735 1909 sacra
751 1844 912 1923 ferirent,.

140 1958 184 2023 Iu
197 1976 262 2025 sua
277 1947 466 2021 credebant
476 1955 643 2021 redituras
657 1956 810 2020 membra
828 1975 979 2022 secures.

141 2068 334 2152 Implicitas
348 2086 472 2149 magno
489 2065 607 2130 Caesar
622 2072 747 2132 terrore
765 2067 924 2132 cohortes

141 2174 191 2243 Ut
204 2177 301 2252 vidit,
324 2177 454 2259 primus
469 2177 741 2258 raptamlibrare
756 2154 939 2262 bipennem

140 2286 270 2364 Ausus,
293 2291 327 2350 et
342 2287 469 2350 aeriam
480 2286 569 2351 serro
584 2287 804 2371 proscindere
820 2308 995 2372 quercum,

140 2398 270 2463 Effatur
284 2416 397 2473 merso
411 2397 542 2462 violata
555 2398 592 2462 in
606 2399 733 2464 robora
749 2399 859 2464 ferro:

139 2508 221 2575 Jam
234 2528 277 2572 ne
292 2508 370 2590 quis
385 2513 535 2572 vestrum
553 2509 685 2574 dubitet
701 2510 896 2576 subvertere
913 2511 1046 2591 silvam,

140 2618 277 2684 Credite
292 2640 346 2683 me
361 2618 488 2684 secisse
509 2619 617 2690 nefas.
662 2619 760 2686 Tunc
776 2622 889 2705 paruit
904 2623 1015 2688 omnis

142 2730 301 2815 Imperiis
317 2751 387 2796 non
402 2731 537 2796 sublato
554 2751 675 2797 secura
690 2751 817 2817 pavore

140 2843 269 2921 Turba,
285 2843 347 2907 sed
362 2862 517 2926 expensa
531 2841 748 2927 Superorum,
761 2847 795 2908 et
805 2840 954 2939 Caesaris
969 2847 1031 2915 ira.

141 2993 191 3038 418
203 2991 304 3041 latebras.
436 2994 484 3040 441
498 2989 584 3040 Robora
594 2992 716 3054 complexos.
830 2996 878 3041 441
889 2993 1069 3060 circumfulsisse,
1077 2995 1248 3062 circumferint.

175 3059 224 3113 444
233 3057 311 3116 populi
322 3055 396 3102 cultu.
463 3059 512 3103 443
522 3057 572 3105 diis.
639 3061 689 3109 446
698 3059 808 3115 immenso,
819 3059 928 3118 immerso,
939 3061 1008 3108 Bere.
1073 3064 1122 3110 447
1128 3065 1226 3122 priore„

240 3122 289 3170 434
300 3128 391 3182 torpore.
473 3122 523 3168 433
532 3122 627 3170 uibrare.
711 3125 760 3171 435
769 3119 871 3184 Affertur.
954 3126 1004 3173 436
1013 3125 1149 3174 submittere.

377 3185 427 3234 438
436 3185 521 3236 timue.
698 3207 704 3213 ·
717 3189 766 3237 439
777 3186 930 3250 raparumque
941 3197 971 3237 et.
1252 3186 1258 3195 '

141 3313 236 3375 ignotos
247 3320 271 3360 et
280 3312 442 3376 superstitiose
451 3312 533 3360 cultos.
552 3311 646 3363 Primus
657 3316 683 3362 in
708 3313 777 3362 lictor
789 3313 903 3377 superiori
914 3316 977 3362 bello
988 3315 1088 3364 Gallico.
1252 3316 1258 3323 '

141 3380 192 3425 orbe
203 3377 261 3426 Deos
280 3382 323 3426 ecit
334 3381 406 3426 timor.
740 3381 797 3426 449.
817 3377 922 3442 Mance]
936 3380 1046 3430 llssitum.
1066 3379 1244 3447 Verendum·

174 3448 230 3492 419.
268 3441 478 3507 emergeremus]
495 3441 572 3504 Erigi,
587 3442 629 3498 uel,
644 3459 682 3492 re·
707 3444 808 3491 uerenda
820 3444 868 3492 luci
878 3445 1000 3506 religione.

143 3507 217 3556 nesci.
227 3508 318 3555 funeste
330 3508 392 3555 enim
408 3509 485 3564 arbor,
504 3515 531 3553 ut
547 3514 572 3553 et
587 3522 683 3574 cupres-
740 3511 796 3557 431.
816 3507 846 3555 Iu
856 3524 899 3556 ruo
906 3510 1031 3566 credebant,
1042 3509 1098 3574 dre]
1116 3510 1187 3569 Quod
1199 3512 1246 3574 lay-

142 3587 192 3628 eus,
202 3587 254 3633 qure
266 3571 569 3648 succisanonregerminal.
602 3635 607 3648 ⁸
707 3588 778 3646 cnrgo
797 3573 906 3651 ibreicio
921 3575 973 3636 regi
989 3576 1112 3636 quondum,
1129 3575 1202 3652 riter,
1221 3578 1247 3625 ln

175 3639 232 3685 440.
251 3635 304 3685 Nou
314 3638 420 3692 armatu,
432 3636 489 3698 dre]
510 3636 630 3692 Flammis,
643 3652 682 3685 re·
707 3637 786 3687 odium
797 3639 884 3686 Bacchi
893 3645 918 3686 et
926 3654 1019 3687 suorum
1029 3641 1171 3689 temulentroe
1179 3642 1246 3691 reu·

65 3740 67 3743 ,
142 3702 179 3748 lut
190 3701 259 3748 fatuis
270 3711 294 3749 et
305 3702 460 3749 lambentibus
476 3700 563 3762 corripi
580 3703 682 3759 arborea,
706 3717 754 3756 um,
766 3702 885 3751 incidenti.

142 3781 217 3826 neque
239 3775 316 3814 tumen
334 3765 432 3823 absumi,
450 3766 589 3814 draconibus
606 3766 683 3828 impli-
738 3768 795 3814 434.
815 3767 994 3832 Magnotmore
1004 3767 1119 3832 ochum]
1136 3770 1245 3818 Neuter·

143 3830 200 3878 cari.
703 3847 764 3892 pore,
776 3834 817 3880 sed
843 3849 912 3882 avora
923 3835 1000 3880 Deum
1011 3833 1171 3896 coreligioue.
1191 3835 1247 3885 Vir-

176 3896 232 3945 444.
251 3893 304 3942 Νοη
317 3895 383 3945 illum
401 3893 473 3952 cultu,
490 3893 548 3957 dre]
565 3895 682 3957 'l'enquam
707 3896 791 3959 gilius:
816 3850 870 3945 tim
888 3906 938 3946 tum
951 3898 1031 3963 religio
1044 3900 1135 3960 multu·
1148 3901 1245 3951 terrebat

144 3969 323 4016 remosauotum,
334 3961 381 4008 diis
395 3959 452 4007 solis
469 3959 617 4008 incolendum
629 3976 682 4022 per·
706 3970 807 4024 agrestes.
825 3964 891 4011 Grot.

142 4024 245 4073 mittunt.
738 4028 795 4077 435.
814 4027 896 4084 Mmo,
907 4026 964 4090 &c.]
981 4028 1098 4084 Immitto,
1115 4027 1225 4092 lmpeotn.

176 4092 233 4139 443.
252 4087 329 4136 Medio
345 4104 396 4135 cutm
413 4088 515 4146 Pboebus,
526 4088 584 4152 δια]
601 4090 639 4137 Ne
656 4090 681 4138 iu
738 4093 794 4140 436.
813 4093 870 4147 Quis
886 4102 991 4150 veumm,
1014 4091 1073 4160 dtu]
1088 4094 1127 4141 lle
1140 4111 1186 4156 que
1200 4099 1257 4146 Μ’

143 4155 222 4203 Deum
231 4153 279 4201 luci
289 4154 412 4215 praeaidem
420 4161 444 4200 et
454 4155 575 4202 tutelarem
585 4154 681 4213 incidat,
704 4157 751 4217 loci
764 4157 849 4219 religio
865 4163 975 4213 moretur,
997 4157 1054 4211 mibi
1069 4159 1124 4206 veni
1142 4161 1243 4210 numini·

142 4225 251 4281 unquam
262 4215 363 4279 διιμόνων
373 4215 522 4281 asapiencia,
538 4226 578 4267 eut
596 4221 682 4281 Empn·
706 4222 832 4284 profanatio
851 4223 988 4283 imputetur,
1010 4225 1078 4286 0qu
1095 4223 1177 4275 violati
1193 4226 1243 4275 im

143 4300 191 4331 sam
201 4283 360 4340 meridianam,
372 4283 449 4330 media
459 4285 498 4340 die
510 4291 628 4332 uutuoctu
642 4299 682 4332 ne·
705 4287 1013 4348 rubectceputhoomeum.
1049 4288 1051 4293 ’
1112 4314 1115 4319 -
1137 4313 1143 4319 -
1183 4342 1187 4349 ,
1250 4304 1256 4319 ·

143 4348 681 4410 mornlurtrantem,lrorretadireipcemoerdos.
738 4354 794 4402 439.
812 4348 1258 4418 &ponendum-lotentiam·

176 4415 237 4466 448.
251 4412 356 4466 Nouae
364 4414 444 4474 eant,
460 4413 519 4478 &c.]
535 4412 614 4478 sylvis
627 4430 681 4480 spo·
705 4416 949 4482 quamdeorunirrn
962 4417 1044 4468 verite.
1217 4430 1223 4439 ’
