2784 4860
280 309 290 324 “
354 340 577 415 crrrnrs
619 345 1058 426 senmurum.
1199 355 1260 420 ror

157 507 209 586 Si,
232 510 397 595 quicquid
407 513 562 597 jubeare,
584 518 683 584 velis.
706 524 757 584 tot
769 521 871 586 rebus
886 522 1022 607 iniquis.

157 618 339 686 Paruimus
354 624 456 691 victi:
478 627 580 699 venia
593 633 646 692 est
655 628 735 693 =haec
751 632 828 695 sole
837 633 990 715 pudoris,

156 730 415 817 Degenerisque
428 742 551 815 metus,
562 739 614 808 nil
624 739 699 822 jam
713 742 869 822 potuisse
878 743 1008 825 negari.

156 837 275 923 Ocyus
291 851 443 911 avertunt
457 846 522 911 diri
535 850 628 914 mala
641 851 772 914 semina
785 852 878 916 belli.
1192 855 1285 918 1502

156 949 294 1016 Damna
307 961 445 1020 movent
458 958 619 1040 populos,
642 959 680 1024 si
689 979 776 1044 quos
791 981 856 1026 sua
865 963 945 1046 jura
958 969 1101 1041 tuentum,

156 1058 239 1125 Non
253 1062 332 1140 sibi,
355 1065 417 1130 sed
433 1066 569 1134 domino
585 1071 696 1152 gravis
711 1077 775 1148 est,
792 1093 869 1156 quae
886 1076 1000 1152 servit,
1023 1080 1168 1160 egestas,
1249 1079 1258 1140 s

155 1168 316 1237 Protinus
332 1174 481 1242 abducto
496 1184 677 1261 patuerunt
690 1183 818 1265 templo
834 1182 987 1248 Metello.

153 1280 252 1347 Tunc
272 1304 375 1368 rupes
386 1286 539 1372 ‚Tarpeia
553 1296 663 1367 sonat,
686 1283 878 1378 magnoque
891 1293 1043 1359 reclusas
1210 1353 1214 1359 .

153 1393 314 1459 Testatur
328 1397 470 1463 stridore
485 1399 595 1465 fores:
618 1407 699 1466 tunc
715 1403 956 1468 conditusimo
1047 1433 1051 1436 ·
1190 1401 1255 1465 1⁵6
1317 1483 1323 1496 .

153 1503 289 1570 Eruitur
302 1509 430 1592 templo
444 1511 559 1575 multis
574 1512 722 1576 intactus
738 1514 783 1577 ab
798 1514 895 1577 annis

152 1613 303 1682 Romani
317 1638 441 1685 census
461 1623 593 1704 populi,
617 1642 718 1706 quem
739 1623 874 1709 Punico
891 1625 994 1703 bella,

153 1725 266 1807 Quem
282 1728 420 1794 dederat
434 1730 570 1808 Perses,
592 1753 694 1814 quem
709 1735 793 1824 victi
807 1735 926 1816 praeda
940 1711 1113 1819 Philippi:

152 1836 256 1918 Quod
272 1839 334 1902 tibi
350 1838 464 1904 Roma
481 1841 563 1923 fuga
577 1841 726 1923 Pyrrhus
741 1840 932 1924 trepidante
945 1844 1092 1927 reliquit,

151 1945 232 2029 Quo
248 1955 281 2013 te
298 1948 477 2014 Fabricius
491 1952 562 2033 regi
576 1971 646 2015 non
660 1951 812 2015 vendidit
832 1969 930 2028 auro;
1183 1953 1251 2018 ,loo
1300 1991 1301 1994 π

150 2056 326 2143 Quicquid
341 2078 521 2142 parcorum
534 2080 646 2131 mores
661 2062 824 2127 servastis
839 2081 991 2139 ovorum,
1037 2120 1039 2126 .
1057 2064 1060 2074 “

247 2196 294 2242 150
309 2203 405 2250 avertas,
421 2205 512 2252 eirena,
527 2205 655 2246 evenne,
770 2190 900 2247 testum.
1031 2197 1078 2247 155
1094 2204 1151 2244 tum.
1246 2230 1249 2236 «
1330 2206 1369 2250 J

393 2261 441 2309 156
456 2276 498 2309 nec
509 2270 590 2318 motus,
604 2277 650 2310 nen
659 2268 741 2310 taum.
872 2263 919 2309 160
934 2263 1007 2324 regni.

148 2372 234 2420 berteti
250 2373 314 2419 iilius
328 2373 370 2434 qui
380 2375 497 2435 oppressit
506 2392 513 2434 ;
529 2376 595 2436 eujus
611 2383 686 2422 tamen
713 2374 776 2422 tibus
786 2374 891 2434 rapiendi
899 2373 1011 2422 concessi.
1024 2430 1027 2435 .

147 2438 263 2486 retinebis
278 2438 409 2499 imaginem,
427 2439 447 2486 si
463 2439 563 2486 libenter
572 2447 595 2486 te
615 2440 686 2499 subji-
745 2440 799 2488 154.
819 2438 884 2486 Tunc
893 2454 960 2500 rupes
980 2437 1075 2500 Tarpeio
1092 2437 1175 2500 sonet]
1192 2439 1250 2487 Stri-
1283 2432 1294 2451 '

147 2503 198 2550 cias
213 2501 339 2563 imperetis.
712 2503 767 2550 dore
778 2504 897 2550 cardinum
906 2503 1009 2550 resonuit
1020 2503 1247 2564 saxum,mepeiurn.

182 2571 237 2615 147.
257 2565 298 2614 Tot
315 2566 380 2614 rebus
400 2568 493 2628 iniquis,
509 2566 565 2629 &c.]
584 2569 616 2614 Et
634 2585 686 2615 cum
711 2567 817 2614 ltuenirn
828 2569 890 2614 fores
901 2568 1049 2622 erentfeciae,
1065 2573 1092 2613 ut
1101 2567 1150 2613 sine
1159 2560 1249 2629 crepitu

147 2637 284 2679 ceterarum
300 2648 385 2688 rerum,
400 2633 486 2694 legum,
503 2632 624 2687 libertatis,
640 2634 685 2680 &o
712 2647 738 2677 ac
749 2631 799 2678 sine
816 2633 922 2687 stridore,
940 2633 994 2692 qnia
1009 2633 1098 2687 ferreae,
1114 2632 1198 2691 aperiri
1209 2648 1248 2679 ne·
1311 2687 1312 2690 Ἴ

145 2695 285 2757 pertulimus
300 2699 422 2756 jacturam,
438 2697 575 2744 necessitate
591 2698 686 2757 adacti3
712 2697 817 2755 quirent3
833 2703 898 2743 uteo
915 2694 985 2751 fuies,
1003 2696 1023 2742 si
1041 2711 1085 2757 qua
1097 2702 1248 2752 tentarentur,

145 2759 204 2824 quin
213 2767 237 2807 et
248 2761 362 2808 thesauris
372 2762 441 2809 etiem
458 2761 559 2821 publicis
570 2763 685 2816 cedamus,
712 2775 737 2807 se
763 2754 895 2820 proderent.
924 2759 1029 2807 Hmrene.
1063 2759 1191 2822 Magnoque
1210 2775 1248 2808 re·

146 2825 281 2885 inpetrabit
292 2826 412 2887 degeneris
429 2833 503 2872 metus
521 2825 611 2872 veniam
623 2828 684 2887 apud
710 2825 792 2880 cluws,
809 2824 865 2886 δια]
885 2824 995 2884 Impactis
1011 2824 1131 2871 securibus
1149 2825 1247 2873 reulusre

144 2896 255 2952 posteros
267 2891 396 2943 necessitas,
408 2890 446 2937 cui
454 2890 563 2938 resistere
571 2891 595 2936 in
606 2899 685 2937 nostra
711 2890 780 2944 sores,
796 2895 820 2935 et
829 2890 929 2936 stridore
940 2889 1059 2935 cardinnrn
1071 2895 1164 2934 resonat
1179 2889 1247 2941 collis

144 2969 271 3003 muron
283 2961 339 3001 erat.
711 2953 840 3010 Saturnius,
856 2953 976 3013 Tarpeius,
997 2954 1035 2999 vel
1053 2951 1206 3012 Capitolinus,
1222 2953 1246 3005 ie,

179 3020 236 3066 150.
256 3018 331 3081 Ocyus
339 3029 434 3075 noenta,
444 3018 501 3080 dcc]
513 3019 579 3066 Alibi
590 3019 684 3066 audien·
712 3033 758 3079 quo
769 3019 883 3064 serarium.

144 3083 190 3130 dus
211 3084 246 3129 vir
258 3098 367 3139 summus,
384 3086 424 3145 qui
442 3085 477 3131 sic
493 3085 620 3144 incongrue
636 3084 684 3145 legi
742 3086 798 3143 157.
818 3082 902 3129 Census
910 3079 1008 3142 popuii]
1025 3080 1114 3127 Aurum
1131 3063 1245 3142 eterg'en-
1344 3070 1346 3075 ’

144 3146 235 3201 scribit,
253 3147 416 3209 substituitque
427 3157 539 3205 comunt,
549 3150 684 3208 proebeant
710 3152 765 3202 tum,
783 3163 796 3193 e
814 3146 915 3199 mulctis,
932 3145 1033 3199 tributis,
1053 3145 1121 3190 donis
1142 3145 1245 3205 gentium

143 3211 232 3258 iurem
243 3212 379 3260 mulrmista
388 3214 443 3259 belli
454 3213 603 3260 irritamenta.
636 3213 683 3259 Ve-
709 3211 860 3259 devicturum.
879 3210 969 3256 Punica
983 3208 1060 3270 beru]
1078 3210 1182 3256 Primum
1200 3225 1245 3269 quo

142 3292 196 3322 rum
206 3277 301 3322 verbum
312 3278 356 3323 boe
373 3277 489 3325 interdum
499 3278 620 3338 proprium
638 3284 682 3334 est,
709 3275 812 3323 mulctati
828 3280 881 3322 sunt
903 3273 1095 3334 Carthaginenses
1114 3273 1189 3318 MCC.
1210 3279 1245 3321 tu-

142 3341 174 3387 de
192 3342 262 3386 rebus
281 3341 337 3398 iilis,
362 3358 419 3403 quas
436 3359 468 3389 ex
488 3342 562 3389 eliens
582 3342 607 3388 in
629 3357 682 3387 nos·
708 3338 777 3385 lentis
799 3337 901 3398 argenti?
926 3337 1065 3392 Secundum,
1083 3350 1127 3396 quo
1149 3337 1245 3384 mulon-

143 3413 203 3451 trem
223 3412 362 3465 potestatem
382 3413 406 3452 et
427 3406 546 3461 ditionem,
562 3413 589 3452 ut
609 3406 681 3464 piuri-
708 3404 791 3450 bantur
802 3403 863 3449 XM.
876 3401 916 3448 ul.
935 3417 982 3462 arg.
994 3401 1018 3447 in
1034 3401 1061 3446 L.
1081 3415 1153 3446 ennae
1170 3401 1244 3462 aequis

141 3485 205 3517 nrum
219 3469 299 3516 fraude
315 3477 339 3517 et
355 3470 422 3516 malis
441 3470 528 3517 artibus
545 3468 680 3528 redigimus.
707 3464 852 3525 portionibus
864 3464 987 3520 solvendis,
1005 3465 1045 3512 sed
1053 3463 1180 3510 intervenit
1187 3467 1244 3512 'Per-

142 3534 193 3580 cie.
202 3533 228 3580 in
239 3533 351 3581 Verrem:
362 3536 431 3580 mum
439 3535 465 3580 in
473 3533 601 3586 Quartum,
610 3546 680 3590 pecu·
706 3529 772 3574 tium.

69 3636 74 3660 ,
140 3600 203 3645 nium
223 3598 337 3657 prebticom
357 3599 466 3643 evenisse.
486 3597 587 3642 Gronov.
606 3594 681 3658 Ocyus
740 3595 795 3640 158.
814 3591 913 3654 Persen]
930 3591 1244 3642 Macedonierexabfflni-
1295 3596 1297 3604 ’

140 3670 236 3717 sverm,
253 3660 309 3722 dre]
327 3662 390 3718 Quin
401 3675 473 3720 ocyus
491 3661 578 3706 auferat
589 3659 679 3706 thesau-
705 3656 738 3703 lio
755 3655 828 3702 Paulo
839 3657 952 3704 devictus.
970 3657 1025 3703 vide
1037 3657 1153 3703 Plutarch.
1170 3657 1243 3709 ,uni-

139 3743 193 3775 tum
215 3727 284 3780 hunc,
306 3729 371 3785 eujus
392 3725 488 3770 sonasse
506 3738 576 3770 ceusu
594 3723 680 3770 bellum
705 3721 762 3767 lium
779 3720 846 3767 Paul.
867 3720 988 3782 Philippi]
1005 3721 1082 3769 Patris
1093 3722 1172 3768 Perse
1188 3736 1203 3767 a
1215 3721 1243 3770 Τ.

141 3792 187 3838 boe
197 3791 273 3836 dirmn
293 3804 306 3835 a
327 3789 419 3835 Cresare
440 3796 527 3835 motum
544 3794 589 3842 est,
604 3787 679 3834 dirius
705 3784 818 3834 Flaminio
829 3785 857 3831 ad
868 3785 1008 3832 deditionem
1016 3785 1136 3846 compulsi.
1154 3785 1242 3849 Pluter.

139 3857 244 3903 suumn
255 3853 275 3900 si
284 3853 348 3900 iilum
359 3853 445 3900 obnixe
456 3852 605 3899 detineamus.
705 3850 731 3895 Τ.
745 3850 774 3907 Q.
786 3850 859 3896 Flam.

175 3923 231 3968 151.
249 3917 341 3964 Damna
350 3916 551 3979 novempopulos]
563 3914 679 3962 AErerium
739 3915 794 3962 159.
814 3913 879 3968 Quod
887 3914 929 3962 tibi
940 3911 1020 3969 Rome,
1031 3912 1094 3976 .&c.]
1111 3914 1186 3976 Supra
1201 3915 1241 3962 lib.
1300 3924 1303 3928 ’
1330 3948 1339 3952 -

140 3983 223 4045 populi
234 3981 302 4028 liberi
313 3983 512 4036 exhaustorum
523 3982 549 4028 tit
560 3981 609 4027 sine
620 3980 678 4039 pub·
707 3981 729 4025 1.
739 3994 773 4025 vs.
782 3982 821 4028 30.
891 4014 893 4020 .
1145 4025 1147 4029 ,

139 4048 294 4094 iicodemno:
312 4049 354 4094 sed
364 4046 446 4108 popuii
458 4045 679 4104 servientisegestes
739 4046 794 4092 160.
813 4042 863 4097 Quo
879 4050 901 4090 te
914 4040 1038 4097 fabricius,
1055 4039 1112 4102 δια]
1129 4042 1244 4093 Aurum

139 4120 163 4159 et
175 4111 278 4158 thesauri
288 4111 403 4166 exhausti,
419 4111 520 4168 domino,
536 4126 583 4156 non
592 4108 679 4170 populo
706 4107 796 4169 Pyrrho
807 4107 908 4155 oblatum
917 4114 944 4152 ut
952 4107 1049 4168 petriam
1060 4098 1178 4157 desereret
1188 4122 1246 4168 pro·v

139 4177 250 4224 damnum
260 4175 373 4223 redierunt.
707 4172 825 4232 deretqne,
841 4172 956 4218 recusavit
975 4170 1095 4218 Fabricius
1115 4173 1145 4218 ad
1163 4182 1242 4233 regem

174 4241 231 4289 153.
249 4239 380 4290 Potuerunt
397 4239 481 4302 tempto
501 4236 614 4300 Metello]
631 4238 679 4286 Re-
705 4236 803 4298 legatus.
908 4248 910 4251 ·

139 4305 231 4352 elusum
246 4311 296 4351 erat
311 4304 424 4362 marium,
446 4312 470 4351 et
488 4302 591 4352 thesauri
609 4319 679 4356 une·
737 4304 794 4374 161.
813 4299 890 4348 Mam
906 4297 1135 4363 matisconem]
1152 4298 1240 4373 Fruge-

140 4369 202 4418 rnine
217 4384 291 4438 usque
308 4369 333 4417 in
343 4368 406 4419 illurn
422 4367 485 4418 diem
496 4367 604 4427 conteuti,
618 4367 681 4417 miii·
706 4365 761 4415 litus
772 4365 1042 4432 veterumRoruauorum
1058 4371 1082 4412 et
1092 4362 1239 4424 petrinum.
