2784 4860
123 366 206 433 ⁶284
325 406 328 413 -
405 360 456 428 Μ.
498 358 700 428 ANNAEI
743 358 989 457 Lucem.
1030 362 1034 371 '

131 535 181 601 'Si
200 537 287 601 bene
301 535 345 600 de
358 535 458 599 vobis
473 533 589 598 civilia
607 533 699 597 bello
711 538 890 605 merentur.
908 538 911 543 ⁴

185 646 276 710 Haec
291 646 350 709 ubi
371 645 443 708 fata
457 649 572 726 caput,
589 644 848 727 spumantiaque
863 662 925 708 ora
937 642 1076 719 levarit,
1168 690 1172 697 .

141 755 279 839 Aspicit
298 760 462 818 astantem
481 754 625 837 projecti
640 755 793 835 corporis
816 754 978 830 umbram,
1160 750 1242 817 720

144 865 330 931 Exanimes
346 871 449 940 artus,
465 865 643 948 invisoque
665 864 813 927 claustra
829 865 1002 928 timentem

143 974 299 1041 Carceris
321 975 461 1058 antiqui.
475 981 577 1058 pavet
590 976 639 1038 ire
653 976 689 1039 in
703 980 824 1057 pectus
839 980 1004 1057 apertum,

98 1072 104 1093 '
142 1087 367 1170 Visceraque,
383 1091 418 1150 et
431 1092 548 1168 mptas
562 1087 656 1150 letali
670 1086 807 1150 vnlnere
822 1084 935 1148 fibras.

143 1198 200 1263 Ah
213 1199 325 1272 miser,
342 1204 528 1259 extremum
544 1195 600 1258 cui
613 1197 731 1259 mortis
745 1214 868 1258 munus
881 1194 1008 1277 iniquae

143 1308 302 1391 Eripitnr,
322 1328 391 1371 non
414 1326 517 1389 posse
534 1307 630 1369 mori.
653 1308 791 1369 miratur
806 1304 968 1368 Erichtho
1174 1302 1242 1369 726

144 1418 222 1483 Has
237 1420 317 1482 fatis
331 1418 470 1481 licuisse
485 1436 608 1492 moras,
625 1417 777 1497 irataque
792 1414 892 1478 morti

141 1528 308 1593 Verberat
321 1529 496 1590 immotum
510 1528 590 1589 vivo
606 1530 761 1608 serpente
777 1525 940 1588 cadaver:

143 1638 277 1721 Perque
294 1658 398 1702 cavas
412 1643 520 1713 terrae,
537 1656 622 1719 quas
637 1637 706 1717 egit
721 1636 880 1711 camnine,
901 1634 1004 1699 rimas

146 1749 308 1814 Manibus
323 1749 458 1823 illatrat,
470 1749 640 1829 regnique
661 1747 796 1810 silentia
809 1746 945 1828 rumpit.

144 1859 343 1942 Tisiphone,
360 1857 524 1940 vocisque
545 1879 630 1922 meae
646 1877 767 1921 secura
782 1857 944 1938 Megaera,
1175 1853 1243 1919 78)

146 1968 228 2034 Non
247 1971 347 2050 agitis
363 1973 465 2034 saevis
484 1970 585 2032 Erebi
599 1990 659 2052 per
673 1970 773 2031 inane
786 1968 930 2049 flagellis

95 2122 100 2129 1
146 2079 322 2143 Infelicem
343 2082 509 2144 animaml
528 2082 602 2164 jam
615 2100 679 2144 vos
694 2100 758 2161 ego
773 2079 908 2142 nomirie
922 2097 1004 2141 vero

147 2187 303 2265 Eliciam,
320 2190 522 2272 Stygiasque
539 2210 641 2253 canes
656 2191 691 2252 in
706 2191 783 2253 luce
799 2208 946 2272 superne

147 2297 358 2362 Destituam:
381 2320 442 2382 per
456 2301 556 2363 busta
571 2319 705 2381 sequar,
726 2317 786 2382 per
807 2299 925 2361 funera
940 2301 1068 2374 custos,

147 2405 328 2489 Expellam
347 2410 496 2486 tumulis,
512 2410 647 2491 abigam
661 2430 724 2473 vos
740 2410 897 2473 omnibus
911 2409 1014 2472 urnis.
1177 2406 1245 2471 735

148 2592 324 2656 iitigantibus.
373 2596 420 2644 721
432 2594 594 2657 Exanimesqne.
645 2596 809 2655 ⁷23irruptas.
857 2591 963 2641 ratila.
1010 2590 1061 2638 724
1069 2589 1244 2637 moecenatis.

213 2657 321 2720 reete.
467 2663 516 2709 rer
530 2662 642 2706 tamtum.
776 2658 905 2717 recepe.
1039 2654 1179 2716 raugam

261 2725 309 2770 732
319 2738 358 2786 ego
366 2727 463 2786 oosjnm,
475 2733 500 2770 ct
510 2739 548 2787 ego
558 2726 653 2785 iusjcm.
718 2724 766 2772 733
777 2723 911 2785 Stygiosque.
975 2720 1025 2767 734
1036 2719 1128 2764 cumis.

150 2902 174 2942 et
182 2894 236 2941 ΤΗ.
248 2903 272 2942 et
285 2898 315 2943 lt.
328 2898 356 2944 A.
368 2900 436 2946 nostri
444 2899 505 2944 medo
513 2899 588 2945 militis
598 2899 683 2946 umbra.
743 2900 800 2947 tte.
818 2897 906 2959 Perque
919 2912 983 2945 corus
1000 2892 1084 2956 terre]
1100 2892 1246 2941 munitm

53 3012 57 3019 .
153 2959 346 3008 RecteGrotior.
702 2959 1166 3019 ,enimeffecerntntterrnseinbintnm
1176 2958 1245 3035 ‹lisin-

183 3025 240 3068 ⁷18.
258 3024 282 3070 Si
293 3026 345 3071 bene
356 3027 382 3073 de
392 3028 459 3083 ochis,
473 3026 528 3088 δια]
543 3026 569 3072 Si
580 3027 649 3073 modo
661 3027 685 3072 in
710 3034 780 3082 ceret,
792 3042 834 3087 per
853 3041 921 3087 quem
938 3041 991 3072 cnm
1008 3022 1246 3083 munibus-colloquia

151 3087 285 3135 beneficium
305 3096 404 3137 vestrum
420 3098 445 3137 et
463 3107 512 3137 rem
527 3092 611 3139 cedant
625 3091 686 3138 belle
709 3091 823 3137 misceret.
836 3090 938 3137 Hor-tens.
951 3086 1127 3152 Egitcnmim.]
1136 3086 1245 3147 Aperuit,

152 3151 238 3198 civilia.
709 3156 779 3202 rimas
790 3170 857 3216 ogere
867 3155 930 3201 feeit.

183 3218 239 3262 721.
258 3215 374 3279 invisaque
393 3218 498 3275 elnonrn,
525 3218 582 3281 &c.]
604 3218 686 3278 Trepi-
742 3218 1032 3272 immurmurabant,
1052 3214 1108 3277 δια]
1136 3213 1247 3263 (isaim

152 3280 242 3327 (lentem
259 3282 343 3338 redire,
361 3298 374 3328 e
390 3282 495 3330 libertate
515 3299 559 3342 qna
577 3283 622 3329 nui
637 3284 686 3342 jam
710 3299 784 3331 manes
794 3299 842 3333 voce
853 3283 976 3333 amimea
986 3283 1035 3334 cist.
1051 3280 1132 3342 OEdip·
1143 3280 1245 3337 Smn-

152 3353 261 3405 coepernt,
272 3346 295 3391 in
313 3346 435 3406 pristinum
447 3347 550 3407 eorporis
562 3362 685 3404 carcerem,
712 3351 767 3397 568.
786 3348 857 3409 Atque
868 3347 906 3394 hie
916 3345 1009 3392 Tiresias
1015 3344 1245 3397 nondumndnentfl·

152 3406 229 3469 iim,
245 3412 315 3471 σῆμα.
711 3413 769 3458 tibns
777 3413 867 3467 omini,
885 3410 965 3467 Testor,
981 3411 1022 3465 nit,
1041 3409 1084 3456 &a
1101 3408 1244 3457 §tethin

183 3475 240 3520 722.
260 3474 358 3521 Carceris
377 3473 484 3537 antiqui]
509 3476 537 3522 ln
554 3490 600 3534 qno
616 3476 685 3536 pnnlo
712 3474 1034 3538 Regniqoeeibnticrompit]
1047 3474 1262 3533 Nnmnnrnnpnd,

153 3543 205 3582 ante
216 3539 394 3586 animnconditn
405 3541 486 3587 fuerat.
505 3538 641 3589 Hortensius.
711 3541 796 3586 interos
817 3540 880 3587 nnlln
900 3554 948 3586 vox
971 3541 1003 3584 ab
1022 3536 1113 3587 umbris,
1130 3536 1246 3594 audietur,

184 3603 241 3648 724.
258 3604 295 3651 At
312 3603 396 3665 misem]
414 3603 587 3652 Commiserntio
602 3610 685 3664 poete.
712 3605 823 3651 Erichtho
834 3620 862 3650 eo
873 3618 954 3650 vocem
964 3601 1075 3649 immittit.
1093 3599 1197 3659 Hortaris.

153 3661 287 3719 moenum,
306 3667 362 3729 bre]
397 3669 440 3715 Cui
458 3676 554 3728 negatur
569 3668 641 3714 libere
662 3667 686 3714 in
744 3670 799 3718 750.
811 3667 1035 3729 Tisiphone.]Fnrire'.
1046 3666 1245 3729 Vocisqrtemte·

152 3735 226 3774 morte
245 3732 310 3777 morl.
329 3732 372 3778 Cui
389 3734 463 3779 monis
482 3748 563 3779 monus
582 3733 684 3796 inique]
711 3732 986 3794 cnrn.]Negligens,non
998 3730 1245 3783 ohsecntnmeaeroni.

154 3791 220 3838 Imo:
237 3797 275 3842 col
292 3797 368 3842 mortis
383 3812 465 3844 munus
479 3798 555 3859 inipso
574 3796 686 3858 Eripitor,
744 3799 800 3844 731.
818 3796 884 3844 Ereti
900 3811 939 3855 per
958 3794 1044 3856 inum]
1062 3796 1109 3841 Per
1125 3794 1246 3855 regions·

153 3871 197 3902 wm
208 3872 268 3917 poete
278 3861 340 3908 mort.
361 3862 481 3919 Quomodo
492 3862 576 3909 hebent
587 3865 643 3909 Mes
657 3864 685 3909 a.
711 3863 850 3917 umbrarum,
861 3859 946 3907 exilem
958 3860 1067 3906 Plutonis
1076 3861 1181 3913 domnus.

154 3923 184 3968 A.
198 3929 223 3967 et
232 3922 259 3966 Τ.
271 3922 370 3971 Grotius.
743 3929 799 3975 732.
816 3924 868 3971 Jum
878 3927 1063 3986 vosegonomine,
1074 3920 1247 3983 &cJNopvon

186 3986 241 4036 776.
260 3986 309 4032 Hos
315 3988 375 4050 sctis
384 3988 467 4038 licuisse
477 3989 565 4051 moros]
578 3991 647 4047 Quod
657 3991 686 4037 li-
712 3996 738 4035 nt
748 3991 813 4050 prins
822 3989 969 4039 Eumenidas.
976 3989 1082 4048 Erinnys,
1091 3986 1246 4049 ultrioespo·

154 4049 229 4097 cuerit
239 4051 320 4096 nnimae
333 4053 418 4103 tamdiu
427 4053 552 4099 detrectare
565 4055 686 4115 imperinm
712 4070 790 4100 nnmm
801 4054 880 4100 ciebo:
898 4055 940 4099 sed
959 4054 1057 4099 interum
1068 4059 1093 4098 et
1103 4051 1199 4112 Stygius
1207 4066 1246 4099 en·

155 4129 221 4159 snum
230 4129 274 4160 non
285 4116 402 4175 extemplo
413 4132 496 4176 corpus
511 4118 626 4178 ingressae.
711 4134 768 4165 nes:
780 4119 821 4164 sed
831 4114 927 4179 teme,
937 4118 1040 4178 μεγάλοιο
1049 4115 1098 4169 Aris
1104 4114 1246 4179 ΙΜᾸΝΙ·

187 4180 243 4226 rat.
263 4178 315 4225 Vico
332 4187 429 4238 serpente
446 4181 561 4242 cauata]
583 4183 685 4243 Flagello
711 4182 787 4229 lenius
797 4182 838 4229 lib.
853 4186 875 4228 2.
890 4189 958 4244 atque
969 4183 1002 4228 its
1012 4182 1126 4235 excitatns
1135 4180 1247 4237 monto
1271 4180 1274 4185 '

155 4243 274 4303 anguinea.
283 4259 346 4289 more
353 4243 471 4291 fumorum.
482 4246 563 4307 Artgue
572 4255 606 4293 ter
613 4262 686 4293 eccos·
710 4247 735 4293 in
745 4247 796 4293 lnce
807 4261 880 4306 neqne
891 4248 920 4292 nd
930 4246 1015 4297 interos
1024 4245 1111 4297 reverti
1120 4244 1205 4305 W·

154 4321 184 4361 rc,
201 4307 245 4354 &c
261 4308 309 4354 civo
327 4323 406 4355 marios
419 4323 474 4357 cmc
492 4309 589 4356 verberat
608 4310 685 4372 hydro.
744 4309 955 4423 tit-Personam
964 4308 1054 4373 nom]
1067 4308 1247 4373 cumsimi-

154 4366 378 4420 Stntinsetseneeae
388 4373 526 4434 Megnmin
536 4374 643 4436 Thyeste.
711 4375 859 4427 chrnrnmnn
875 4375 1044 4433 evosuneho.
1170 4406 1181 4419 ·.
