<?xml version="1.0" encoding="UTF-8"?>
<!DOCTYPE html PUBLIC "-//W3C//DTD XHTML 1.0 Transitional//EN"
    "http://www.w3.org/TR/xhtml1/DTD/xhtml1-transitional.dtd">
<html xmlns="http://www.w3.org/1999/xhtml" xml:lang="en" lang="en">
 <head>
  <title>
</title>
<meta http-equiv="Content-Type" content="text/html;charset=utf-8" />
  <meta name='ocr-system' content='tesseract 3.04.00' />
  <meta name='ocr-capabilities' content='ocr_page ocr_carea ocr_par ocr_line ocrx_word'/>
</head>
<body>
  <div class='ocr_page' id='page_1' title='image "./mannaeuslucanus00grotgoog/mannaeuslucanus00grotgoog_0480.png"; bbox 0 0 2784 4860; ppageno 0'>
   <div class='ocr_carea' id='block_1_1' title="bbox 348 343 1183 453">
    <p class='ocr_par' dir='ltr' id='par_1_1' title="bbox 348 343 1183 453">
     <span class='ocr_line' id='line_1_1' title="bbox 348 343 1183 453; baseline 0.013 -31"><span class='ocrx_word' id='word_1_1' title='bbox 348 345 579 424; x_wconf 76' lang='lat' dir='ltr'>crurnrs</span> <span class='ocrx_word' id='word_1_2' title='bbox 615 351 794 426; x_wconf 77' lang='lat' dir='ltr'>annm</span> <span class='ocrx_word' id='word_1_3' title='bbox 820 343 950 453; x_wconf 69' lang='lat' dir='ltr'>&#39;nra</span> <span class='ocrx_word' id='word_1_4' title='bbox 973 343 1038 450; x_wconf 51' lang='lat' dir='ltr'>fix.</span> <span class='ocrx_word' id='word_1_5' title='bbox 1181 398 1183 409; x_wconf 35' lang='grc' dir='ltr'><strong><em>ι</em></strong></span> 
     </span>
    </p>
   </div>
   <div class='ocr_carea' id='block_1_2' title="bbox 138 527 1089 2417">
    <p class='ocr_par' dir='ltr' id='par_1_2' title="bbox 139 527 882 620">
     <span class='ocr_line' id='line_1_2' title="bbox 139 527 882 620; baseline 0.013 -26"><span class='ocrx_word' id='word_1_6' title='bbox 139 527 276 596; x_wconf 82' lang='lat' dir='ltr'>Terruit</span> <span class='ocrx_word' id='word_1_7' title='bbox 285 530 347 596; x_wconf 88' lang='lat' dir='ltr'>illa</span> <span class='ocrx_word' id='word_1_8' title='bbox 361 553 437 612; x_wconf 90' lang='lat' dir='ltr'>suo,</span> <span class='ocrx_word' id='word_1_9' title='bbox 450 533 484 599; x_wconf 86' lang='lat' dir='ltr'>si</span> <span class='ocrx_word' id='word_1_10' title='bbox 498 533 563 613; x_wconf 87' lang='lat' dir='ltr'>fas,</span> <span class='ocrx_word' id='word_1_11' title='bbox 578 533 753 620; x_wconf 82' lang='lat' dir='ltr'>Capitolia</span> <span class='ocrx_word' id='word_1_12' title='bbox 766 533 882 612; x_wconf 78' lang='lat' dir='ltr'>sistro,</span> 
     </span>
    </p>

    <p class='ocr_par' dir='ltr' id='par_1_3' title="bbox 141 639 1042 953">
     <span class='ocr_line' id='line_1_3' title="bbox 141 639 983 731; baseline 0.012 -27"><span class='ocrx_word' id='word_1_13' title='bbox 141 639 187 705; x_wconf 89' lang='lat' dir='ltr'>Et</span> <span class='ocrx_word' id='word_1_14' title='bbox 202 640 362 708; x_wconf 88' lang='lat' dir='ltr'>Romana</span> <span class='ocrx_word' id='word_1_15' title='bbox 376 646 463 727; x_wconf 90' lang='lat' dir='ltr'>petit</span> <span class='ocrx_word' id='word_1_16' title='bbox 475 645 608 709; x_wconf 85' lang='lat' dir='ltr'>&#39;imbelli</span> <span class='ocrx_word' id='word_1_17' title='bbox 619 646 717 730; x_wconf 83' lang='lat' dir='ltr'>signa</span> <span class='ocrx_word' id='word_1_18' title='bbox 731 645 888 731; x_wconf 81' lang='lat' dir='ltr'>Canopo,</span> <span class='ocrx_word' id='word_1_19' title='bbox 981 711 983 714; x_wconf 77' lang='grc'>,</span> 
     </span>
     <span class='ocr_line' id='line_1_4' title="bbox 142 752 1042 842; baseline 0.007 -24"><span class='ocrx_word' id='word_1_20' title='bbox 142 752 280 820; x_wconf 80' lang='lat' dir='ltr'>Caesare</span> <span class='ocrx_word' id='word_1_21' title='bbox 296 758 435 840; x_wconf 88' lang='lat' dir='ltr'>captivo</span> <span class='ocrx_word' id='word_1_22' title='bbox 447 757 593 823; x_wconf 87' lang='lat' dir='ltr'>Pharios</span> <span class='ocrx_word' id='word_1_23' title='bbox 606 757 750 824; x_wconf 89' lang='lat' dir='ltr'>ductura</span> <span class='ocrx_word' id='word_1_24' title='bbox 758 756 967 842; x_wconf 75' lang='lat' dir='ltr'>triumphos:</span> <span class='ocrx_word' id='word_1_25' title='bbox 1038 762 1042 772; x_wconf 90' lang='lat'><em>&#39;</em></span> 
     </span>
     <span class='ocr_line' id='line_1_5' title="bbox 142 865 954 953; baseline 0.007 -24"><span class='ocrx_word' id='word_1_26' title='bbox 142 865 386 952; x_wconf 77' lang='lat' dir='ltr'>Leucadioque</span> <span class='ocrx_word' id='word_1_27' title='bbox 401 869 465 934; x_wconf 84' lang='lat' dir='ltr'>suit</span> <span class='ocrx_word' id='word_1_28' title='bbox 480 869 603 934; x_wconf 89' lang='lat' dir='ltr'>dubius</span> <span class='ocrx_word' id='word_1_29' title='bbox 619 871 683 934; x_wconf 90' lang='lat' dir='ltr'>sub</span> <span class='ocrx_word' id='word_1_30' title='bbox 698 870 827 953; x_wconf 82' lang='lat' dir='ltr'>gurgite</span> <span class='ocrx_word' id='word_1_31' title='bbox 839 889 954 948; x_wconf 87' lang='lat' dir='ltr'>casus,</span> 
     </span>
    </p>

    <p class='ocr_par' dir='ltr' id='par_1_4' title="bbox 140 977 1030 1628">
     <span class='ocr_line' id='line_1_6' title="bbox 141 977 1030 1064; baseline 0.004 -22"><span class='ocrx_word' id='word_1_32' title='bbox 141 977 199 1043; x_wconf 83' lang='lat' dir='ltr'>An</span> <span class='ocrx_word' id='word_1_33' title='bbox 212 981 374 1045; x_wconf 90' lang='lat' dir='ltr'>mundum</span> <span class='ocrx_word' id='word_1_34' title='bbox 384 1003 427 1045; x_wconf 92' lang='lat' dir='ltr'>ne</span> <span class='ocrx_word' id='word_1_35' title='bbox 441 987 559 1048; x_wconf 88' lang='lat' dir='ltr'>nostra</span> <span class='ocrx_word' id='word_1_36' title='bbox 574 983 711 1064; x_wconf 93' lang='lat' dir='ltr'>quidem</span> <span class='ocrx_word' id='word_1_37' title='bbox 724 987 880 1046; x_wconf 88' lang='lat' dir='ltr'>matrona</span> <span class='ocrx_word' id='word_1_38' title='bbox 891 985 1030 1046; x_wconf 86' lang='lat' dir='ltr'>teneret.</span> 
     </span>
     <span class='ocr_line' id='line_1_7' title="bbox 142 1091 957 1178; baseline 0.005 -24"><span class='ocrx_word' id='word_1_39' title='bbox 142 1091 223 1155; x_wconf 94' lang='lat' dir='ltr'>Hoc</span> <span class='ocrx_word' id='word_1_40' title='bbox 240 1094 343 1156; x_wconf 92' lang='lat' dir='ltr'>animi</span> <span class='ocrx_word' id='word_1_41' title='bbox 358 1115 429 1158; x_wconf 86' lang='lat' dir='ltr'>nox</span> <span class='ocrx_word' id='word_1_42' title='bbox 440 1095 502 1158; x_wconf 89' lang='lat' dir='ltr'>illa</span> <span class='ocrx_word' id='word_1_43' title='bbox 516 1094 620 1172; x_wconf 81' lang='lat' dir='ltr'><strong>dedit,</strong></span> <span class='ocrx_word' id='word_1_44' title='bbox 636 1115 714 1178; x_wconf 86' lang='lat' dir='ltr'>quac</span> <span class='ocrx_word' id='word_1_45' title='bbox 730 1095 839 1178; x_wconf 89' lang='lat' dir='ltr'>prima</span> <span class='ocrx_word' id='word_1_46' title='bbox 850 1094 957 1159; x_wconf 90' lang='lat' dir='ltr'>cubili</span> 
     </span>
     <span class='ocr_line' id='line_1_8' title="bbox 142 1203 1009 1273; baseline 0.003 -5"><span class='ocrx_word' id='word_1_47' title='bbox 142 1203 286 1270; x_wconf 85' lang='lat' dir='ltr'>Miscuit</span> <span class='ocrx_word' id='word_1_48' title='bbox 299 1208 465 1271; x_wconf 86' lang='lat' dir='ltr'>incestam</span> <span class='ocrx_word' id='word_1_49' title='bbox 481 1207 626 1270; x_wconf 90' lang='lat' dir='ltr'>ducibus</span> <span class='ocrx_word' id='word_1_50' title='bbox 642 1205 859 1272; x_wconf 83' lang='lat' dir='ltr'>Ptolemaida</span> <span class='ocrx_word' id='word_1_51' title='bbox 871 1208 1009 1273; x_wconf 82' lang='lat' dir='ltr'>nostris.</span> 
     </span>
     <span class='ocr_line' id='line_1_9' title="bbox 143 1316 1028 1400; baseline 0.005 -20"><span class='ocrx_word' id='word_1_52' title='bbox 143 1316 230 1395; x_wconf 84' lang='lat' dir='ltr'>Quis</span> <span class='ocrx_word' id='word_1_53' title='bbox 245 1319 309 1382; x_wconf 91' lang='lat' dir='ltr'>tihi</span> <span class='ocrx_word' id='word_1_54' title='bbox 323 1321 442 1383; x_wconf 85' lang='lat' dir='ltr'>vesani</span> <span class='ocrx_word' id='word_1_55' title='bbox 453 1319 588 1384; x_wconf 84' lang='lat' dir='ltr'>veniam</span> <span class='ocrx_word' id='word_1_56' title='bbox 598 1337 668 1382; x_wconf 92' lang='lat' dir='ltr'>non</span> <span class='ocrx_word' id='word_1_57' title='bbox 682 1318 786 1384; x_wconf 90' lang='lat' dir='ltr'>donet</span> <span class='ocrx_word' id='word_1_58' title='bbox 795 1321 933 1400; x_wconf 62' lang='lat' dir='ltr'>amorim</span> <span class='ocrx_word' id='word_1_59' title='bbox 1024 1353 1028 1358; x_wconf 92' lang='lat'>·</span> 
     </span>
     <span class='ocr_line' id='line_1_10' title="bbox 140 1426 961 1529; baseline 0 -36"><span class='ocrx_word' id='word_1_60' title='bbox 140 1426 295 1494; x_wconf 77' lang='lat' dir='ltr'>Antoni?</span> <span class='ocrx_word' id='word_1_61' title='bbox 318 1431 438 1496; x_wconf 89' lang='lat' dir='ltr'>durum</span> <span class='ocrx_word' id='word_1_62' title='bbox 453 1452 531 1496; x_wconf 92' lang='lat' dir='ltr'>cum</span> <span class='ocrx_word' id='word_1_63' title='bbox 546 1429 695 1495; x_wconf 86' lang='lat' dir='ltr'>Caesaris</span> <span class='ocrx_word' id='word_1_64' title='bbox 710 1431 861 1522; x_wconf 74' lang='lat' dir='ltr'>hauserit</span> <span class='ocrx_word' id='word_1_65' title='bbox 873 1431 961 1529; x_wconf 68' lang='lat' dir='ltr'>ignis</span> 
     </span>
     <span class='ocr_line' id='line_1_11' title="bbox 141 1528 966 1628; baseline 0.001 -23"><span class='ocrx_word' id='word_1_66' title='bbox 141 1540 282 1621; x_wconf 66' lang='lat' dir='ltr'>Pectus</span> <span class='ocrx_word' id='word_1_67' title='bbox 298 1549 332 1608; x_wconf 90' lang='lat' dir='ltr'>et</span> <span class='ocrx_word' id='word_1_68' title='bbox 346 1545 382 1608; x_wconf 92' lang='lat' dir='ltr'>in</span> <span class='ocrx_word' id='word_1_69' title='bbox 396 1545 510 1609; x_wconf 90' lang='lat' dir='ltr'>media</span> <span class='ocrx_word' id='word_1_70' title='bbox 523 1545 630 1622; x_wconf 90' lang='lat' dir='ltr'>rabie,</span> <span class='ocrx_word' id='word_1_71' title='bbox 645 1528 966 1628; x_wconf 57' lang='lat' dir='ltr'>medioque‘siiiorc,</span> 
     </span>
    </p>

    <p class='ocr_par' dir='ltr' id='par_1_5' title="bbox 138 1653 1089 2417">
     <span class='ocr_line' id='line_1_12' title="bbox 142 1653 1021 1751; baseline 0.006 -35"><span class='ocrx_word' id='word_1_72' title='bbox 142 1653 186 1718; x_wconf 84' lang='lat' dir='ltr'>Et</span> <span class='ocrx_word' id='word_1_73' title='bbox 199 1654 422 1739; x_wconf 85' lang='lat' dir='ltr'>Pompeianis</span> <span class='ocrx_word' id='word_1_74' title='bbox 432 1657 587 1722; x_wconf 88' lang='lat' dir='ltr'>habitata</span> <span class='ocrx_word' id='word_1_75' title='bbox 596 1657 754 1721; x_wconf 88' lang='lat' dir='ltr'>manibus</span> <span class='ocrx_word' id='word_1_76' title='bbox 769 1657 860 1734; x_wconf 84' lang='lat' dir='ltr'>aula,</span> <span class='ocrx_word' id='word_1_77' title='bbox 981 1696 985 1704; x_wconf 72' lang='lat'><strong><em>‹</em></strong></span> <span class='ocrx_word' id='word_1_78' title='bbox 1002 1673 1021 1751; x_wconf 16' lang='lat'>*-</span> 
     </span>
     <span class='ocr_line' id='line_1_13' title="bbox 142 1758 1043 1854; baseline 0.006 -23"><span class='ocrx_word' id='word_1_79' title='bbox 142 1766 314 1850; x_wconf 85' lang='lat' dir='ltr'>Sanguine</span> <span class='ocrx_word' id='word_1_80' title='bbox 328 1771 539 1835; x_wconf 85' lang='lat' dir='ltr'>Thessalicae</span> <span class='ocrx_word' id='word_1_81' title='bbox 556 1771 665 1836; x_wconf 91' lang='lat' dir='ltr'>cladis</span> <span class='ocrx_word' id='word_1_82' title='bbox 676 1769 834 1854; x_wconf 83' lang='lat' dir='ltr'>perfusus</span> <span class='ocrx_word' id='word_1_83' title='bbox 850 1758 982 1835; x_wconf 85' lang='lat' dir='ltr'>adulter</span> <span class='ocrx_word' id='word_1_84' title='bbox 1041 1763 1043 1768; x_wconf 66' lang='grc'><strong>’</strong></span> 
     </span>
     <span class='ocr_line' id='line_1_14' title="bbox 140 1877 901 1961; baseline 0.004 -19"><span class='ocrx_word' id='word_1_85' title='bbox 140 1877 291 1946; x_wconf 83' lang='lat' dir='ltr'>Admisit</span> <span class='ocrx_word' id='word_1_86' title='bbox 305 1882 474 1947; x_wconf 89' lang='lat' dir='ltr'>Venerem</span> <span class='ocrx_word' id='word_1_87' title='bbox 485 1885 587 1961; x_wconf 77' lang='lat' dir='ltr'>curiS,</span> <span class='ocrx_word' id='word_1_88' title='bbox 599 1889 633 1948; x_wconf 89' lang='lat' dir='ltr'>ct</span> <span class='ocrx_word' id='word_1_89' title='bbox 646 1882 784 1953; x_wconf 81' lang='lat' dir='ltr'>miscuit</span> <span class='ocrx_word' id='word_1_90' title='bbox 798 1881 901 1946; x_wconf 88' lang='lat' dir='ltr'>armis</span> 
     </span>
     <span class='ocr_line' id='line_1_15' title="bbox 138 1992 1089 2081; baseline 0.004 -24"><span class='ocrx_word' id='word_1_91' title='bbox 138 1993 353 2078; x_wconf 90' lang='lat' dir='ltr'>Illicitosque</span> <span class='ocrx_word' id='word_1_92' title='bbox 367 2002 472 2074; x_wconf 66' lang='lat' dir='ltr'>toros</span> <span class='ocrx_word' id='word_1_93' title='bbox 488 2002 522 2060; x_wconf 90' lang='lat' dir='ltr'>ct</span> <span class='ocrx_word' id='word_1_94' title='bbox 535 2017 605 2060; x_wconf 91' lang='lat' dir='ltr'>non</span> <span class='ocrx_word' id='word_1_95' title='bbox 619 2017 664 2061; x_wconf 85' lang='lat' dir='ltr'>ex</span> <span class='ocrx_word' id='word_1_96' title='bbox 679 1996 825 2081; x_wconf 82' lang='lat' dir='ltr'>conjuge</span> <span class='ocrx_word' id='word_1_97' title='bbox 840 1992 983 2079; x_wconf 76' lang='lat' dir='ltr'>partusl</span> <span class='ocrx_word' id='word_1_98' title='bbox 1086 2064 1089 2070; x_wconf 73' lang='grc'><em>,</em></span> 
     </span>
     <span class='ocr_line' id='line_1_16' title="bbox 142 2103 988 2191; baseline 0.005 -23"><span class='ocrx_word' id='word_1_99' title='bbox 142 2103 235 2170; x_wconf 88' lang='lat' dir='ltr'>Proh</span> <span class='ocrx_word' id='word_1_100' title='bbox 249 2108 377 2189; x_wconf 91' lang='lat' dir='ltr'>pudor!</span> <span class='ocrx_word' id='word_1_101' title='bbox 401 2109 527 2173; x_wconf 89' lang='lat' dir='ltr'>oblitus</span> <span class='ocrx_word' id='word_1_102' title='bbox 540 2107 670 2191; x_wconf 87' lang='lat' dir='ltr'>Magni,</span> <span class='ocrx_word' id='word_1_103' title='bbox 685 2108 749 2172; x_wconf 90' lang='lat' dir='ltr'>tibi</span> <span class='ocrx_word' id='word_1_104' title='bbox 759 2106 782 2171; x_wconf 86' lang='lat' dir='ltr'><strong>J</strong></span> <span class='ocrx_word' id='word_1_105' title='bbox 783 2108 854 2171; x_wconf 91' lang='lat' dir='ltr'>ulia</span> <span class='ocrx_word' id='word_1_106' title='bbox 867 2107 988 2172; x_wconf 85' lang='lat' dir='ltr'>fratres</span> 
     </span>
     <span class='ocr_line' id='line_1_17' title="bbox 142 2217 991 2304; baseline 0.006 -23"><span class='ocrx_word' id='word_1_107' title='bbox 142 2217 321 2283; x_wconf 90' lang='lat' dir='ltr'>Obscoena</span> <span class='ocrx_word' id='word_1_108' title='bbox 336 2221 377 2283; x_wconf 91' lang='lat' dir='ltr'>de</span> <span class='ocrx_word' id='word_1_109' title='bbox 392 2227 500 2285; x_wconf 86' lang='lat' dir='ltr'>matre</span> <span class='ocrx_word' id='word_1_110' title='bbox 521 2220 634 2286; x_wconf 88' lang='lat' dir='ltr'>dedit:</span> <span class='ocrx_word' id='word_1_111' title='bbox 657 2225 839 2304; x_wconf 88' lang='lat' dir='ltr'>partesque</span> <span class='ocrx_word' id='word_1_112' title='bbox 854 2219 991 2302; x_wconf 83' lang='lat' dir='ltr'>fugatas</span> 
     </span>
     <span class='ocr_line' id='line_1_18' title="bbox 141 2330 989 2417; baseline 0.005 -23"><span class='ocrx_word' id='word_1_113' title='bbox 141 2330 274 2396; x_wconf 90' lang='lat' dir='ltr'>Passus</span> <span class='ocrx_word' id='word_1_114' title='bbox 290 2333 325 2396; x_wconf 95' lang='lat' dir='ltr'>in</span> <span class='ocrx_word' id='word_1_115' title='bbox 340 2335 500 2398; x_wconf 88' lang='lat' dir='ltr'>extremis</span> <span class='ocrx_word' id='word_1_116' title='bbox 514 2334 642 2417; x_wconf 87' lang='lat' dir='ltr'>Libyes</span> <span class='ocrx_word' id='word_1_117' title='bbox 660 2334 855 2398; x_wconf 91' lang='lat' dir='ltr'>coalescere</span> <span class='ocrx_word' id='word_1_118' title='bbox 864 2334 989 2417; x_wconf 83' lang='lat' dir='ltr'>regnis,</span> 
     </span>
    </p>
   </div>
   <div class='ocr_carea' id='block_1_3' title="bbox 140 2440 1250 2636">
    <p class='ocr_par' dir='ltr' id='par_1_6' title="bbox 140 2440 1250 2636">
     <span class='ocr_line' id='line_1_19' title="bbox 140 2440 1250 2538; baseline 0.008 -33"><span class='ocrx_word' id='word_1_119' title='bbox 140 2440 315 2538; x_wconf 90' lang='lat' dir='ltr'>Tempora</span> <span class='ocrx_word' id='word_1_120' title='bbox 335 2443 473 2509; x_wconf 91' lang='lat' dir='ltr'>Niliaco</span> <span class='ocrx_word' id='word_1_121' title='bbox 488 2447 598 2528; x_wconf 91' lang='lat' dir='ltr'>turpis</span> <span class='ocrx_word' id='word_1_122' title='bbox 614 2444 776 2528; x_wconf 87' lang='lat' dir='ltr'>dependit</span> <span class='ocrx_word' id='word_1_123' title='bbox 790 2446 909 2523; x_wconf 90' lang='lat' dir='ltr'>amori,</span> <span class='ocrx_word' id='word_1_124' title='bbox 1170 2485 1174 2497; x_wconf 47' lang='grc' dir='ltr'><strong><em>ι</em></strong></span> <span class='ocrx_word' id='word_1_125' title='bbox 1206 2448 1250 2514; x_wconf 82' lang='grc'>80</span> 
     </span>
     <span class='ocr_line' id='line_1_20' title="bbox 140 2553 1105 2636; baseline 0.003 -17"><span class='ocrx_word' id='word_1_126' title='bbox 140 2553 236 2619; x_wconf 90' lang='lat' dir='ltr'>Dum</span> <span class='ocrx_word' id='word_1_127' title='bbox 251 2556 378 2620; x_wconf 89' lang='lat' dir='ltr'>donare</span> <span class='ocrx_word' id='word_1_128' title='bbox 393 2557 542 2636; x_wconf 88' lang='lat' dir='ltr'>Pharon,</span> <span class='ocrx_word' id='word_1_129' title='bbox 558 2556 639 2620; x_wconf 91' lang='lat' dir='ltr'>dum</span> <span class='ocrx_word' id='word_1_130' title='bbox 648 2565 719 2621; x_wconf 84' lang='lat' dir='ltr'>non</span> <span class='ocrx_word' id='word_1_131' title='bbox 733 2557 800 2623; x_wconf 90' lang='lat' dir='ltr'>sibi</span> <span class='ocrx_word' id='word_1_132' title='bbox 815 2558 951 2623; x_wconf 83' lang='lat' dir='ltr'>vincere</span> <span class='ocrx_word' id='word_1_133' title='bbox 965 2559 1105 2624; x_wconf 87' lang='lat' dir='ltr'>mavult.</span> 
     </span>
    </p>
   </div>
   <div class='ocr_carea' id='block_1_4' title="bbox 209 2717 1184 2847">
    <p class='ocr_par' dir='ltr' id='par_1_7' title="bbox 209 2717 1184 2847">
     <span class='ocr_line' id='line_1_21' title="bbox 209 2717 1184 2783; baseline 0.007 -21"><span class='ocrx_word' id='word_1_134' title='bbox 209 2718 240 2764; x_wconf 81' lang='lat'>63</span> <span class='ocrx_word' id='word_1_135' title='bbox 251 2717 305 2778; x_wconf 82' lang='lat' dir='ltr'>ipso.</span> <span class='ocrx_word' id='word_1_136' title='bbox 437 2721 468 2767; x_wconf 90' lang='grc'>69</span> <span class='ocrx_word' id='word_1_137' title='bbox 486 2718 632 2766; x_wconf 73' lang='lat' dir='ltr'>Ptolemaida.</span> <span class='ocrx_word' id='word_1_138' title='bbox 763 2723 794 2768; x_wconf 79' lang='lat'>71</span> <span class='ocrx_word' id='word_1_139' title='bbox 811 2721 881 2783; x_wconf 50' lang='lat' dir='ltr'>egeres</span> <span class='ocrx_word' id='word_1_140' title='bbox 1011 2722 1045 2768; x_wconf 76' lang='grc'>74</span> <span class='ocrx_word' id='word_1_141' title='bbox 1062 2720 1184 2770; x_wconf 65' lang='lat' dir='ltr'>Thessaliae.</span> 
     </span>
     <span class='ocr_line' id='line_1_22' title="bbox 327 2782 1071 2847; baseline 0.004 -16"><span class='ocrx_word' id='word_1_142' title='bbox 327 2782 359 2831; x_wconf 87' lang='grc'>75</span> <span class='ocrx_word' id='word_1_143' title='bbox 376 2783 413 2829; x_wconf 85' lang='lat' dir='ltr'>Ad</span> <span class='ocrx_word' id='word_1_144' title='bbox 426 2782 533 2847; x_wconf 73' lang='lat' dir='ltr'>Venerem</span> <span class='ocrx_word' id='word_1_145' title='bbox 543 2785 685 2832; x_wconf 81' lang='lat' dir='ltr'>misitcuroe.</span> <span class='ocrx_word' id='word_1_146' title='bbox 749 2788 783 2833; x_wconf 84' lang='grc'>76</span> <span class='ocrx_word' id='word_1_147' title='bbox 792 2787 884 2839; x_wconf 70' lang='lat' dir='ltr'>aurose,</span> <span class='ocrx_word' id='word_1_148' title='bbox 932 2787 967 2836; x_wconf 81' lang='lat'>81</span> <span class='ocrx_word' id='word_1_149' title='bbox 984 2787 1071 2834; x_wconf 71' lang='lat' dir='ltr'>nesta.</span> 
     </span>
    </p>
   </div>
   <div class='ocr_carea' id='block_1_5' title="bbox 139 2905 1265 3624">
    <p class='ocr_par' dir='ltr' id='par_1_8' title="bbox 139 2905 1265 3493">
     <span class='ocr_line' id='line_1_23' title="bbox 176 2905 1249 2975; baseline 0.007 -21"><span class='ocrx_word' id='word_1_150' title='bbox 176 2909 215 2955; x_wconf 81' lang='lat'>63.</span> <span class='ocrx_word' id='word_1_151' title='bbox 235 2905 327 2955; x_wconf 80' lang='lat' dir='ltr'>Terruit</span> <span class='ocrx_word' id='word_1_152' title='bbox 343 2908 384 2955; x_wconf 78' lang='lat' dir='ltr'>illu</span> <span class='ocrx_word' id='word_1_153' title='bbox 400 2924 448 2966; x_wconf 77' lang='lat' dir='ltr'>saro,</span> <span class='ocrx_word' id='word_1_154' title='bbox 464 2909 521 2972; x_wconf 73' lang='lat' dir='ltr'>dra]</span> <span class='ocrx_word' id='word_1_155' title='bbox 540 2909 604 2957; x_wconf 82' lang='lat' dir='ltr'>Dum</span> <span class='ocrx_word' id='word_1_156' title='bbox 616 2909 683 2970; x_wconf 84' lang='lat' dir='ltr'>Cupi·</span> <span class='ocrx_word' id='word_1_157' title='bbox 708 2925 761 2957; x_wconf 87' lang='lat' dir='ltr'>nem</span> <span class='ocrx_word' id='word_1_158' title='bbox 780 2910 894 2969; x_wconf 78' lang='lat' dir='ltr'>Gaesaris3</span> <span class='ocrx_word' id='word_1_159' title='bbox 911 2911 986 2972; x_wconf 84' lang='lat' dir='ltr'>quiin</span> <span class='ocrx_word' id='word_1_160' title='bbox 997 2911 1074 2959; x_wconf 84' lang='lat' dir='ltr'>medio</span> <span class='ocrx_word' id='word_1_161' title='bbox 1091 2911 1148 2962; x_wconf 86' lang='lat' dir='ltr'>belli</span> <span class='ocrx_word' id='word_1_162' title='bbox 1157 2913 1249 2975; x_wconf 76' lang='lat' dir='ltr'>ardore,</span> 
     </span>
     <span class='ocr_line' id='line_1_24' title="bbox 140 2972 1250 3039; baseline 0.006 -18"><span class='ocrx_word' id='word_1_163' title='bbox 140 2972 194 3021; x_wconf 78' lang='lat' dir='ltr'>tolio</span> <span class='ocrx_word' id='word_1_164' title='bbox 206 2972 295 3035; x_wconf 82' lang='lat' dir='ltr'>Regina</span> <span class='ocrx_word' id='word_1_165' title='bbox 306 2975 414 3021; x_wconf 64' lang='lat' dir='ltr'>deonnoes</span> <span class='ocrx_word' id='word_1_166' title='bbox 430 2977 510 3022; x_wconf 70' lang='lat' dir='ltr'>seirius</span> <span class='ocrx_word' id='word_1_167' title='bbox 521 2974 602 3023; x_wconf 80' lang='lat' dir='ltr'>Funus</span> <span class='ocrx_word' id='word_1_168' title='bbox 612 2983 632 3021; x_wconf 90' lang='lat' dir='ltr'>et</span> <span class='ocrx_word' id='word_1_169' title='bbox 642 2977 683 3021; x_wconf 81' lang='lat' dir='ltr'>im·</span> <span class='ocrx_word' id='word_1_170' title='bbox 705 2975 776 3025; x_wconf 86' lang='lat' dir='ltr'>luxui</span> <span class='ocrx_word' id='word_1_171' title='bbox 783 2992 810 3022; x_wconf 87' lang='lat' dir='ltr'>ac</span> <span class='ocrx_word' id='word_1_172' title='bbox 819 2975 933 3038; x_wconf 71' lang='lat' dir='ltr'>voluptati</span> <span class='ocrx_word' id='word_1_173' title='bbox 939 2977 1044 3034; x_wconf 86' lang='lat' dir='ltr'>indulsit,</span> <span class='ocrx_word' id='word_1_174' title='bbox 1053 2978 1169 3038; x_wconf 72' lang='lat' dir='ltr'>praecipue</span> <span class='ocrx_word' id='word_1_175' title='bbox 1179 2995 1250 3039; x_wconf 88' lang='lat' dir='ltr'>quum</span> 
     </span>
     <span class='ocr_line' id='line_1_25' title="bbox 139 3039 1250 3105; baseline 0.005 -19"><span class='ocrx_word' id='word_1_176' title='bbox 139 3039 204 3099; x_wconf 62' lang='lat' dir='ltr'>pierio</span> <span class='ocrx_word' id='word_1_177' title='bbox 221 3040 322 3099; x_wconf 68' lang='lat' dir='ltr'>parcebat.</span> <span class='ocrx_word' id='word_1_178' title='bbox 350 3040 577 3087; x_wconf 64' lang='lat' dir='ltr'>materiandae.</span> <span class='ocrx_word' id='word_1_179' title='bbox 599 3041 640 3086; x_wconf 89' lang='lat' dir='ltr'>lib.</span> <span class='ocrx_word' id='word_1_180' title='bbox 659 3043 682 3086; x_wconf 89' lang='lat'>1.</span> <span class='ocrx_word' id='word_1_181' title='bbox 708 3040 771 3086; x_wconf 88' lang='lat' dir='ltr'>inter</span> <span class='ocrx_word' id='word_1_182' title='bbox 780 3040 871 3088; x_wconf 84' lang='lat' dir='ltr'>medios</span> <span class='ocrx_word' id='word_1_183' title='bbox 881 3043 959 3089; x_wconf 85' lang='lat' dir='ltr'>hostes</span> <span class='ocrx_word' id='word_1_184' title='bbox 977 3058 1032 3089; x_wconf 87' lang='lat' dir='ltr'>suos</span> <span class='ocrx_word' id='word_1_185' title='bbox 1053 3051 1192 3099; x_wconf 67' lang='lat' dir='ltr'>serenetur,</span> <span class='ocrx_word' id='word_1_186' title='bbox 1208 3045 1250 3105; x_wconf 84' lang='lat' dir='ltr'>qai</span> 
     </span>
     <span class='ocr_line' id='line_1_26' title="bbox 142 3102 1249 3170; baseline 0.008 -23"><span class='ocrx_word' id='word_1_187' title='bbox 142 3102 220 3158; x_wconf 71' lang='lat' dir='ltr'>sistro,</span> <span class='ocrx_word' id='word_1_188' title='bbox 237 3102 293 3167; x_wconf 63' lang='grc' dir='ltr'>δια]</span> <span class='ocrx_word' id='word_1_189' title='bbox 313 3103 401 3166; x_wconf 80' lang='lat' dir='ltr'>Regino</span> <span class='ocrx_word' id='word_1_190' title='bbox 412 3107 435 3151; x_wconf 76' lang='lat' dir='ltr'>in</span> <span class='ocrx_word' id='word_1_191' title='bbox 446 3105 523 3151; x_wconf 72' lang='lat' dir='ltr'>vadiis</span> <span class='ocrx_word' id='word_1_192' title='bbox 539 3106 613 3166; x_wconf 70' lang='lat' dir='ltr'>punio</span> <span class='ocrx_word' id='word_1_193' title='bbox 623 3111 685 3152; x_wconf 79' lang='lat' dir='ltr'>coeat</span> <span class='ocrx_word' id='word_1_194' title='bbox 709 3120 819 3167; x_wconf 74' lang='lat' dir='ltr'>generum</span> <span class='ocrx_word' id='word_1_195' title='bbox 828 3121 896 3153; x_wconf 88' lang='lat' dir='ltr'>suum</span> <span class='ocrx_word' id='word_1_196' title='bbox 905 3107 1193 3170; x_wconf 80' lang='lat' dir='ltr'>Pompeiumoccidcrant,</span> <span class='ocrx_word' id='word_1_197' title='bbox 1210 3111 1249 3156; x_wconf 81' lang='lat' dir='ltr'>Ab</span> 
     </span>
     <span class='ocr_line' id='line_1_27' title="bbox 140 3168 1252 3235; baseline 0.006 -21"><span class='ocrx_word' id='word_1_198' title='bbox 140 3169 238 3230; x_wconf 80' lang='lat' dir='ltr'>agmina</span> <span class='ocrx_word' id='word_1_199' title='bbox 247 3170 318 3216; x_wconf 77' lang='lat' dir='ltr'>sistro.</span> <span class='ocrx_word' id='word_1_200' title='bbox 329 3168 395 3229; x_wconf 62' lang='lat' dir='ltr'>Virg.</span> <span class='ocrx_word' id='word_1_201' title='bbox 412 3169 505 3232; x_wconf 65' lang='lat' dir='ltr'>AEneidl</span> <span class='ocrx_word' id='word_1_202' title='bbox 515 3173 538 3218; x_wconf 88' lang='lat'>8.</span> <span class='ocrx_word' id='word_1_203' title='bbox 555 3173 600 3218; x_wconf 84' lang='lat' dir='ltr'>Est</span> <span class='ocrx_word' id='word_1_204' title='bbox 608 3177 685 3217; x_wconf 78' lang='lat' dir='ltr'>aulem</span> <span class='ocrx_word' id='word_1_205' title='bbox 708 3171 816 3232; x_wconf 79' lang='lat' dir='ltr'>exemplo</span> <span class='ocrx_word' id='word_1_206' title='bbox 827 3172 922 3233; x_wconf 88' lang='lat' dir='ltr'>majori:</span> <span class='ocrx_word' id='word_1_207' title='bbox 949 3173 974 3219; x_wconf 86' lang='lat' dir='ltr'>Si</span> <span class='ocrx_word' id='word_1_208' title='bbox 994 3174 1072 3219; x_wconf 82' lang='lat' dir='ltr'>Gaesar</span> <span class='ocrx_word' id='word_1_209' title='bbox 1082 3172 1125 3218; x_wconf 90' lang='lat' dir='ltr'>hoc</span> <span class='ocrx_word' id='word_1_210' title='bbox 1138 3173 1252 3235; x_wconf 85' lang='lat' dir='ltr'>sibipor-</span> 
     </span>
     <span class='ocr_line' id='line_1_28' title="bbox 143 3233 1252 3297; baseline 0.006 -17"><span class='ocrx_word' id='word_1_211' title='bbox 143 3233 248 3288; x_wconf 82' lang='lat' dir='ltr'>sistrum,</span> <span class='ocrx_word' id='word_1_212' title='bbox 264 3233 429 3293; x_wconf 79' lang='lat' dir='ltr'>crepitaculum</span> <span class='ocrx_word' id='word_1_213' title='bbox 441 3250 471 3281; x_wconf 78' lang='lat' dir='ltr'>ex</span> <span class='ocrx_word' id='word_1_214' title='bbox 483 3249 529 3281; x_wconf 79' lang='lat' dir='ltr'>acre</span> <span class='ocrx_word' id='word_1_215' title='bbox 538 3241 577 3282; x_wconf 88' lang='lat' dir='ltr'>aut</span> <span class='ocrx_word' id='word_1_216' title='bbox 588 3241 683 3297; x_wconf 81' lang='lat' dir='ltr'>argento</span> <span class='ocrx_word' id='word_1_217' title='bbox 707 3235 772 3282; x_wconf 87' lang='lat' dir='ltr'>misit</span> <span class='ocrx_word' id='word_1_218' title='bbox 784 3235 898 3293; x_wconf 87' lang='lat' dir='ltr'>inarmis,</span> <span class='ocrx_word' id='word_1_219' title='bbox 914 3252 956 3284; x_wconf 89' lang='lat' dir='ltr'>cur</span> <span class='ocrx_word' id='word_1_220' title='bbox 965 3253 1011 3284; x_wconf 91' lang='lat' dir='ltr'>non</span> <span class='ocrx_word' id='word_1_221' title='bbox 1020 3237 1137 3285; x_wconf 78' lang='lat' dir='ltr'>Antonius</span> <span class='ocrx_word' id='word_1_222' title='bbox 1147 3236 1171 3283; x_wconf 91' lang='lat' dir='ltr'>in</span> <span class='ocrx_word' id='word_1_223' title='bbox 1181 3238 1252 3293; x_wconf 67' lang='lat' dir='ltr'>,clici¹</span> 
     </span>
     <span class='ocr_line' id='line_1_29' title="bbox 143 3296 816 3359; baseline 0.003 -15"><span class='ocrx_word' id='word_1_224' title='bbox 143 3296 268 3354; x_wconf 81' lang='lat' dir='ltr'>tinnulum,</span> <span class='ocrx_word' id='word_1_225' title='bbox 289 3313 332 3357; x_wconf 87' lang='lat' dir='ltr'>per</span> <span class='ocrx_word' id='word_1_226' title='bbox 351 3302 417 3359; x_wconf 87' lang='lat' dir='ltr'>cujus</span> <span class='ocrx_word' id='word_1_227' title='bbox 437 3299 544 3346; x_wconf 83' lang='lat' dir='ltr'>laminam</span> <span class='ocrx_word' id='word_1_228' title='bbox 563 3300 684 3348; x_wconf 80' lang='lat' dir='ltr'>incurvam</span> <span class='ocrx_word' id='word_1_229' title='bbox 710 3299 816 3348; x_wconf 79' lang='lat' dir='ltr'>Hortens.</span> 
     </span>
     <span class='ocr_line' id='line_1_30' title="bbox 144 3363 1265 3430; baseline 0.005 -22"><span class='ocrx_word' id='word_1_230' title='bbox 144 3363 237 3423; x_wconf 76' lang='lat' dir='ltr'>ungulae</span> <span class='ocrx_word' id='word_1_231' title='bbox 259 3366 361 3423; x_wconf 81' lang='lat' dir='ltr'>trajectae</span> <span class='ocrx_word' id='word_1_232' title='bbox 381 3370 460 3410; x_wconf 82' lang='lat' dir='ltr'>erant:</span> <span class='ocrx_word' id='word_1_233' title='bbox 486 3366 548 3425; x_wconf 87' lang='lat' dir='ltr'>quod</span> <span class='ocrx_word' id='word_1_234' title='bbox 570 3365 684 3427; x_wconf 81' lang='lat' dir='ltr'>crispanti</span> <span class='ocrx_word' id='word_1_235' title='bbox 741 3367 781 3412; x_wconf 86' lang='grc'>71.</span> <span class='ocrx_word' id='word_1_236' title='bbox 799 3364 884 3430; x_wconf 73' lang='lat' dir='ltr'>Ignis]</span> <span class='ocrx_word' id='word_1_237' title='bbox 901 3365 960 3422; x_wconf 83' lang='lat' dir='ltr'>Alii,</span> <span class='ocrx_word' id='word_1_238' title='bbox 975 3368 1047 3430; x_wconf 73' lang='lat' dir='ltr'>ignea</span> <span class='ocrx_word' id='word_1_239' title='bbox 1262 3411 1265 3414; x_wconf 14' lang='grc' dir='ltr'><em>Α</em></span> 
     </span>
     <span class='ocr_line' id='line_1_31' title="bbox 144 3429 1250 3493; baseline 0.005 -20"><span class='ocrx_word' id='word_1_240' title='bbox 144 3429 682 3490; x_wconf 81' lang='lat' dir='ltr'>brachioegitatumreddcrctargutumsonum.</span> <span class='ocrx_word' id='word_1_241' title='bbox 741 3430 782 3477; x_wconf 75' lang='grc'>77.</span> <span class='ocrx_word' id='word_1_242' title='bbox 800 3429 879 3478; x_wconf 79' lang='lat' dir='ltr'>Medic</span> <span class='ocrx_word' id='word_1_243' title='bbox 896 3431 966 3487; x_wconf 66' lang='lat' dir='ltr'>rehu,</span> <span class='ocrx_word' id='word_1_244' title='bbox 983 3430 1041 3493; x_wconf 66' lang='grc' dir='ltr'>δια]</span> <span class='ocrx_word' id='word_1_245' title='bbox 1064 3431 1136 3479; x_wconf 86' lang='lat' dir='ltr'>Belli.</span> <span class='ocrx_word' id='word_1_246' title='bbox 1158 3446 1250 3487; x_wconf 74' lang='lat' dir='ltr'>menses</span> 
     </span>
    </p>

    <p class='ocr_par' dir='ltr' id='par_1_9' title="bbox 142 3492 1250 3624">
     <span class='ocr_line' id='line_1_32' title="bbox 179 3492 1206 3557; baseline 0.004 -16"><span class='ocrx_word' id='word_1_247' title='bbox 179 3498 218 3544; x_wconf 82' lang='lat'>64.</span> <span class='ocrx_word' id='word_1_248' title='bbox 236 3492 324 3540; x_wconf 80' lang='lat' dir='ltr'>lmhelli</span> <span class='ocrx_word' id='word_1_249' title='bbox 343 3494 428 3557; x_wconf 74' lang='lat' dir='ltr'>signa]</span> <span class='ocrx_word' id='word_1_250' title='bbox 458 3494 611 3540; x_wconf 80' lang='lat' dir='ltr'>Contaminata</span> <span class='ocrx_word' id='word_1_251' title='bbox 631 3510 684 3543; x_wconf 87' lang='lat' dir='ltr'>cum</span> <span class='ocrx_word' id='word_1_252' title='bbox 709 3500 786 3541; x_wconf 82' lang='lat' dir='ltr'>autem</span> <span class='ocrx_word' id='word_1_253' title='bbox 794 3499 817 3543; x_wconf 85' lang='lat'>9.</span> <span class='ocrx_word' id='word_1_254' title='bbox 829 3495 863 3541; x_wconf 92' lang='lat' dir='ltr'>ibi</span> <span class='ocrx_word' id='word_1_255' title='bbox 873 3503 987 3542; x_wconf 85' lang='lat' dir='ltr'>moratum</span> <span class='ocrx_word' id='word_1_256' title='bbox 997 3498 1068 3543; x_wconf 83' lang='lat' dir='ltr'>refert</span> <span class='ocrx_word' id='word_1_257' title='bbox 1078 3496 1206 3557; x_wconf 76' lang='lat' dir='ltr'>Appianas.</span> 
     </span>
     <span class='ocr_line' id='line_1_33' title="bbox 142 3558 1250 3624; baseline 0.005 -21"><span class='ocrx_word' id='word_1_258' title='bbox 142 3573 211 3621; x_wconf 78' lang='lat' dir='ltr'>grege</span> <span class='ocrx_word' id='word_1_259' title='bbox 225 3561 328 3618; x_wconf 77' lang='lat' dir='ltr'>turpium</span> <span class='ocrx_word' id='word_1_260' title='bbox 343 3558 422 3604; x_wconf 83' lang='lat' dir='ltr'>Morbo</span> <span class='ocrx_word' id='word_1_261' title='bbox 438 3560 545 3605; x_wconf 80' lang='lat' dir='ltr'>virorum.</span> <span class='ocrx_word' id='word_1_262' title='bbox 563 3559 683 3607; x_wconf 83' lang='lat' dir='ltr'>Horatius.</span> <span class='ocrx_word' id='word_1_263' title='bbox 741 3562 782 3606; x_wconf 77' lang='lat'>73.</span> <span class='ocrx_word' id='word_1_264' title='bbox 799 3560 830 3606; x_wconf 80' lang='lat' dir='ltr'>Et</span> <span class='ocrx_word' id='word_1_265' title='bbox 838 3560 986 3620; x_wconf 78' lang='lat' dir='ltr'>Pompeianis,</span> <span class='ocrx_word' id='word_1_266' title='bbox 994 3561 1051 3624; x_wconf 63' lang='grc' dir='ltr'>δια]</span> <span class='ocrx_word' id='word_1_267' title='bbox 1062 3558 1250 3610; x_wconf 77' lang='lat' dir='ltr'>Etiamdnur-sihi</span> 
     </span>
    </p>
   </div>
   <div class='ocr_carea' id='block_1_6' title="bbox 145 3623 1325 3687">
    <p class='ocr_par' dir='ltr' id='par_1_10' title="bbox 145 3623 1325 3687">
     <span class='ocr_line' id='line_1_34' title="bbox 145 3623 1325 3687; baseline 0.003 -18"><span class='ocrx_word' id='word_1_268' title='bbox 145 3623 254 3687; x_wconf 73' lang='lat' dir='ltr'>canopa]</span> <span class='ocrx_word' id='word_1_269' title='bbox 277 3623 395 3684; x_wconf 79' lang='lat' dir='ltr'>AEgyptiis</span> <span class='ocrx_word' id='word_1_270' title='bbox 417 3630 440 3670; x_wconf 85' lang='lat' dir='ltr'>et</span> <span class='ocrx_word' id='word_1_271' title='bbox 460 3624 573 3670; x_wconf 79' lang='lat' dir='ltr'>vilissima</span> <span class='ocrx_word' id='word_1_272' title='bbox 595 3625 684 3684; x_wconf 79' lang='lat' dir='ltr'>Canopi</span> <span class='ocrx_word' id='word_1_273' title='bbox 708 3623 732 3670; x_wconf 91' lang='lat' dir='ltr'>in</span> <span class='ocrx_word' id='word_1_274' title='bbox 748 3625 800 3670; x_wconf 89' lang='lat' dir='ltr'>aula</span> <span class='ocrx_word' id='word_1_275' title='bbox 816 3625 857 3671; x_wconf 82' lang='lat' dir='ltr'>illa</span> <span class='ocrx_word' id='word_1_276' title='bbox 866 3627 986 3676; x_wconf 76' lang='lat' dir='ltr'>observari</span> <span class='ocrx_word' id='word_1_277' title='bbox 996 3626 1049 3674; x_wconf 79' lang='lat' dir='ltr'>visa</span> <span class='ocrx_word' id='word_1_278' title='bbox 1060 3625 1168 3687; x_wconf 84' lang='lat' dir='ltr'>Pompeii</span> <span class='ocrx_word' id='word_1_279' title='bbox 1177 3628 1251 3677; x_wconf 83' lang='lat' dir='ltr'>modo</span> <span class='ocrx_word' id='word_1_280' title='bbox 1320 3661 1325 3665; x_wconf 90' lang='lat'><em>-</em></span> 
     </span>
    </p>
   </div>
   <div class='ocr_carea' id='block_1_7' title="bbox 143 3687 1309 4272">
    <p class='ocr_par' dir='ltr' id='par_1_11' title="bbox 144 3687 940 3750">
     <span class='ocr_line' id='line_1_35' title="bbox 144 3687 940 3750; baseline 0.003 -16"><span class='ocrx_word' id='word_1_281' title='bbox 144 3687 221 3750; x_wconf 85' lang='lat' dir='ltr'>plebe.</span> <span class='ocrx_word' id='word_1_282' title='bbox 232 3692 255 3734; x_wconf 88' lang='lat'>8.</span> <span class='ocrx_word' id='word_1_283' title='bbox 267 3705 329 3735; x_wconf 81' lang='lat' dir='ltr'>vers.</span> <span class='ocrx_word' id='word_1_284' title='bbox 342 3690 397 3736; x_wconf 80' lang='lat'>543.</span> <span class='ocrx_word' id='word_1_285' title='bbox 406 3688 511 3736; x_wconf 86' lang='lat' dir='ltr'>Juvenal.</span> <span class='ocrx_word' id='word_1_286' title='bbox 524 3690 573 3738; x_wconf 83' lang='lat' dir='ltr'>Sat.</span> <span class='ocrx_word' id='word_1_287' title='bbox 586 3693 609 3736; x_wconf 92' lang='lat'>1.</span> <span class='ocrx_word' id='word_1_288' title='bbox 621 3705 683 3738; x_wconf 87' lang='lat' dir='ltr'>vers.</span> <span class='ocrx_word' id='word_1_289' title='bbox 709 3690 739 3736; x_wconf 90' lang='lat' dir='ltr'>ah</span> <span class='ocrx_word' id='word_1_290' title='bbox 750 3690 843 3737; x_wconf 86' lang='lat' dir='ltr'>iiscaesi</span> <span class='ocrx_word' id='word_1_291' title='bbox 853 3691 940 3736; x_wconf 83' lang='lat' dir='ltr'>umbra.</span> 
     </span>
    </p>

    <p class='ocr_par' dir='ltr' id='par_1_12' title="bbox 148 3752 1249 3947">
     <span class='ocr_line' id='line_1_36' title="bbox 148 3752 1249 3818; baseline 0.006 -19"><span class='ocrx_word' id='word_1_292' title='bbox 148 3756 187 3800; x_wconf 74' lang='lat'>26.</span> <span class='ocrx_word' id='word_1_293' title='bbox 200 3761 223 3799; x_wconf 87' lang='lat' dir='ltr'>et</span> <span class='ocrx_word' id='word_1_294' title='bbox 234 3755 283 3800; x_wconf 84' lang='lat' dir='ltr'>Sat.</span> <span class='ocrx_word' id='word_1_295' title='bbox 292 3757 315 3800; x_wconf 86' lang='lat'>6.</span> <span class='ocrx_word' id='word_1_296' title='bbox 328 3770 389 3800; x_wconf 81' lang='lat' dir='ltr'>vers.</span> <span class='ocrx_word' id='word_1_297' title='bbox 398 3756 436 3803; x_wconf 86' lang='lat'>85.</span> <span class='ocrx_word' id='word_1_298' title='bbox 741 3757 782 3802; x_wconf 85' lang='grc'>76.</span> <span class='ocrx_word' id='word_1_299' title='bbox 800 3752 854 3801; x_wconf 82' lang='lat' dir='ltr'>Non</span> <span class='ocrx_word' id='word_1_300' title='bbox 873 3770 899 3801; x_wconf 79' lang='lat' dir='ltr'>ex</span> <span class='ocrx_word' id='word_1_301' title='bbox 919 3756 1014 3817; x_wconf 67' lang='lat' dir='ltr'>conjuge</span> <span class='ocrx_word' id='word_1_302' title='bbox 1031 3753 1140 3818; x_wconf 68' lang='lat' dir='ltr'>pertusi]</span> <span class='ocrx_word' id='word_1_303' title='bbox 1163 3755 1249 3807; x_wconf 75' lang='lat' dir='ltr'>Filium</span> 
     </span>
     <span class='ocr_line' id='line_1_37' title="bbox 179 3818 1249 3882; baseline 0.003 -15"><span class='ocrx_word' id='word_1_304' title='bbox 179 3819 219 3867; x_wconf 81' lang='lat'>65.</span> <span class='ocrx_word' id='word_1_305' title='bbox 238 3818 344 3880; x_wconf 60' lang='lat' dir='ltr'>Caesare]</span> <span class='ocrx_word' id='word_1_306' title='bbox 361 3819 475 3879; x_wconf 83' lang='lat' dir='ltr'>Augusto.</span> <span class='ocrx_word' id='word_1_307' title='bbox 709 3819 864 3866; x_wconf 64' lang='lat' dir='ltr'>cusationem</span> <span class='ocrx_word' id='word_1_308' title='bbox 875 3826 1009 3881; x_wconf 86' lang='lat' dir='ltr'>susceptum</span> <span class='ocrx_word' id='word_1_309' title='bbox 1020 3835 1049 3868; x_wconf 81' lang='lat' dir='ltr'>ex</span> <span class='ocrx_word' id='word_1_310' title='bbox 1065 3820 1190 3882; x_wconf 81' lang='lat' dir='ltr'>Cleopatra</span> <span class='ocrx_word' id='word_1_311' title='bbox 1198 3837 1249 3870; x_wconf 85' lang='lat' dir='ltr'>mu·</span> 
     </span>
     <span class='ocr_line' id='line_1_38' title="bbox 178 3880 881 3947; baseline 0 -17"><span class='ocrx_word' id='word_1_312' title='bbox 178 3887 218 3933; x_wconf 84' lang='lat'>66.</span> <span class='ocrx_word' id='word_1_313' title='bbox 236 3882 453 3947; x_wconf 77' lang='lat' dir='ltr'>Leucadioqceflrit,</span> <span class='ocrx_word' id='word_1_314' title='bbox 471 3880 527 3943; x_wconf 86' lang='lat' dir='ltr'>&amp;c.]</span> <span class='ocrx_word' id='word_1_315' title='bbox 545 3882 685 3930; x_wconf 86' lang='lat' dir='ltr'>Sinumaris</span> <span class='ocrx_word' id='word_1_316' title='bbox 709 3884 768 3931; x_wconf 77' lang='lat' dir='ltr'>licie</span> <span class='ocrx_word' id='word_1_317' title='bbox 779 3885 881 3932; x_wconf 83' lang='lat' dir='ltr'>barbara.</span> 
     </span>
    </p>

    <p class='ocr_par' dir='ltr' id='par_1_13' title="bbox 144 3947 1249 4059">
     <span class='ocr_line' id='line_1_39' title="bbox 144 3947 1249 4059; baseline 0.002 -65"><span class='ocrx_word' id='word_1_318' title='bbox 144 3949 265 3995; x_wconf 80' lang='lat' dir='ltr'>Ambracii</span> <span class='ocrx_word' id='word_1_319' title='bbox 280 3951 322 3994; x_wconf 91' lang='lat' dir='ltr'>sub</span> <span class='ocrx_word' id='word_1_320' title='bbox 333 3950 434 3995; x_wconf 84' lang='lat' dir='ltr'>Leucate</span> <span class='ocrx_word' id='word_1_321' title='bbox 442 3948 600 4011; x_wconf 82' lang='lat' dir='ltr'>promontorio</span> <span class='ocrx_word' id='word_1_322' title='bbox 610 3948 685 4010; x_wconf 84' lang='lat' dir='ltr'>Epiri,</span> <span class='ocrx_word' id='word_1_323' title='bbox 709 4014 722 4059; x_wconf 64' lang='lat' dir='ltr'>f</span> <span class='ocrx_word' id='word_1_324' title='bbox 742 3950 782 3997; x_wconf 89' lang='grc'>77.</span> <span class='ocrx_word' id='word_1_325' title='bbox 800 3947 891 4014; x_wconf 72' lang='lat' dir='ltr'>Magni,</span> <span class='ocrx_word' id='word_1_326' title='bbox 908 3947 964 4013; x_wconf 89' lang='lat' dir='ltr'>&amp;c.]</span> <span class='ocrx_word' id='word_1_327' title='bbox 981 3947 1025 3996; x_wconf 79' lang='lat' dir='ltr'>Gai</span> <span class='ocrx_word' id='word_1_328' title='bbox 1037 3949 1084 3997; x_wconf 85' lang='lat' dir='ltr'>fllia</span> <span class='ocrx_word' id='word_1_329' title='bbox 1103 3948 1167 3999; x_wconf 82' lang='lat' dir='ltr'>Julia</span> <span class='ocrx_word' id='word_1_330' title='bbox 1176 3955 1249 4015; x_wconf 69' lang='lat' dir='ltr'>nupta</span> 
     </span>
    </p>

    <p class='ocr_par' dir='ltr' id='par_1_14' title="bbox 145 4014 792 4062">
     <span class='ocr_line' id='line_1_40' title="bbox 145 4014 792 4062; baseline 0 -2"><span class='ocrx_word' id='word_1_331' title='bbox 145 4014 187 4060; x_wconf 86' lang='lat' dir='ltr'>lib.</span> <span class='ocrx_word' id='word_1_332' title='bbox 198 4019 221 4059; x_wconf 89' lang='lat'>1.</span> <span class='ocrx_word' id='word_1_333' title='bbox 234 4030 295 4060; x_wconf 85' lang='lat' dir='ltr'>vers.</span> <span class='ocrx_word' id='word_1_334' title='bbox 305 4016 345 4061; x_wconf 82' lang='lat'>43.</span> <span class='ocrx_word' id='word_1_335' title='bbox 720 4019 792 4062; x_wconf 81' lang='lat' dir='ltr'>uerat.</span> 
     </span>
    </p>

    <p class='ocr_par' dir='ltr' id='par_1_15' title="bbox 183 4075 1309 4142">
     <span class='ocr_line' id='line_1_41' title="bbox 183 4075 1309 4142; baseline -0.001 -17"><span class='ocrx_word' id='word_1_336' title='bbox 183 4081 221 4128; x_wconf 84' lang='lat'>69.</span> <span class='ocrx_word' id='word_1_337' title='bbox 240 4079 333 4125; x_wconf 71' lang='lat' dir='ltr'>Miscmt</span> <span class='ocrx_word' id='word_1_338' title='bbox 343 4078 456 4140; x_wconf 73' lang='lat' dir='ltr'>decidua]</span> <span class='ocrx_word' id='word_1_339' title='bbox 474 4077 577 4124; x_wconf 83' lang='lat' dir='ltr'>Miscuit.</span> <span class='ocrx_word' id='word_1_340' title='bbox 587 4077 686 4138; x_wconf 84' lang='lat' dir='ltr'>Cleopa·</span> <span class='ocrx_word' id='word_1_341' title='bbox 743 4081 783 4127; x_wconf 81' lang='grc'>78.</span> <span class='ocrx_word' id='word_1_342' title='bbox 808 4076 929 4140; x_wconf 75' lang='lat' dir='ltr'>Partesqce</span> <span class='ocrx_word' id='word_1_343' title='bbox 939 4075 1059 4142; x_wconf 71' lang='lat' dir='ltr'>fugatas]</span> <span class='ocrx_word' id='word_1_344' title='bbox 1086 4076 1251 4139; x_wconf 63' lang='lat' dir='ltr'>Pompeianae²</span> <span class='ocrx_word' id='word_1_345' title='bbox 1300 4132 1309 4142; x_wconf 68' lang='lat'><em>,</em></span> 
     </span>
    </p>

    <p class='ocr_par' dir='ltr' id='par_1_16' title="bbox 144 4141 1109 4207">
     <span class='ocr_line' id='line_1_42' title="bbox 144 4141 1109 4207; baseline -0.005 -15"><span class='ocrx_word' id='word_1_346' title='bbox 144 4152 204 4192; x_wconf 69' lang='lat' dir='ltr'>tiara</span> <span class='ocrx_word' id='word_1_347' title='bbox 223 4145 323 4191; x_wconf 88' lang='lat' dir='ltr'>ducibus</span> <span class='ocrx_word' id='word_1_348' title='bbox 343 4146 409 4190; x_wconf 84' lang='lat' dir='ltr'>Rom.</span> <span class='ocrx_word' id='word_1_349' title='bbox 429 4144 524 4197; x_wconf 80' lang='lat' dir='ltr'>Caesari,</span> <span class='ocrx_word' id='word_1_350' title='bbox 541 4149 565 4190; x_wconf 85' lang='lat' dir='ltr'>et</span> <span class='ocrx_word' id='word_1_351' title='bbox 583 4143 685 4189; x_wconf 83' lang='lat' dir='ltr'>Antonio</span> <span class='ocrx_word' id='word_1_352' title='bbox 711 4144 754 4190; x_wconf 88' lang='lat' dir='ltr'>sub</span> <span class='ocrx_word' id='word_1_353' title='bbox 763 4141 880 4203; x_wconf 86' lang='lat' dir='ltr'>Scipione,</span> <span class='ocrx_word' id='word_1_354' title='bbox 896 4146 991 4200; x_wconf 77' lang='lat' dir='ltr'>(tatone,</span> <span class='ocrx_word' id='word_1_355' title='bbox 1007 4141 1053 4202; x_wconf 70' lang='lat' dir='ltr'>&amp;a</span> <span class='ocrx_word' id='word_1_356' title='bbox 1106 4200 1109 4207; x_wconf 84' lang='lat'><strong>.</strong></span> 
     </span>
    </p>

    <p class='ocr_par' dir='ltr' id='par_1_17' title="bbox 143 4203 1247 4272">
     <span class='ocr_line' id='line_1_43' title="bbox 143 4203 1247 4272; baseline -0.001 -17"><span class='ocrx_word' id='word_1_357' title='bbox 143 4217 234 4272; x_wconf 80' lang='lat' dir='ltr'>postea</span> <span class='ocrx_word' id='word_1_358' title='bbox 245 4208 349 4256; x_wconf 80' lang='lat' dir='ltr'>Hortens</span> <span class='ocrx_word' id='word_1_359' title='bbox 358 4208 497 4256; x_wconf 80' lang='lat' dir='ltr'>Ptolemaida</span> <span class='ocrx_word' id='word_1_360' title='bbox 507 4208 605 4272; x_wconf 65' lang='lat' dir='ltr'>metris]</span> <span class='ocrx_word' id='word_1_361' title='bbox 618 4204 685 4254; x_wconf 82' lang='lat' dir='ltr'>Cleo-</span> <span class='ocrx_word' id='word_1_362' title='bbox 742 4209 783 4258; x_wconf 85' lang='grc'>79.</span> <span class='ocrx_word' id='word_1_363' title='bbox 801 4207 928 4255; x_wconf 75' lang='lat' dir='ltr'>Coalescere</span> <span class='ocrx_word' id='word_1_364' title='bbox 938 4205 1032 4271; x_wconf 71' lang='lat' dir='ltr'>regnis]</span> <span class='ocrx_word' id='word_1_365' title='bbox 1048 4203 1119 4254; x_wconf 84' lang='lat' dir='ltr'>Vires</span> <span class='ocrx_word' id='word_1_366' title='bbox 1130 4204 1247 4267; x_wconf 74' lang='lat' dir='ltr'>colligere.</span> 
     </span>
    </p>
   </div>
   <div class='ocr_carea' id='block_1_8' title="bbox 146 4269 1337 4339">
    <p class='ocr_par' dir='ltr' id='par_1_18' title="bbox 146 4269 1337 4339">
     <span class='ocr_line' id='line_1_44' title="bbox 146 4269 1337 4339; baseline -0.004 -18"><span class='ocrx_word' id='word_1_367' title='bbox 146 4283 244 4339; x_wconf 71' lang='lat' dir='ltr'>parram,</span> <span class='ocrx_word' id='word_1_368' title='bbox 261 4275 384 4321; x_wconf 85' lang='lat' dir='ltr'>Ptolemaei</span> <span class='ocrx_word' id='word_1_369' title='bbox 394 4276 470 4322; x_wconf 85' lang='lat' dir='ltr'>filiam.</span> <span class='ocrx_word' id='word_1_370' title='bbox 735 4275 785 4320; x_wconf 62' lang='lat'>1³1.</span> <span class='ocrx_word' id='word_1_371' title='bbox 802 4270 894 4322; x_wconf 72' lang='lat' dir='ltr'>Dorsone</span> <span class='ocrx_word' id='word_1_372' title='bbox 912 4272 1014 4329; x_wconf 79' lang='lat' dir='ltr'>Pharon,</span> <span class='ocrx_word' id='word_1_373' title='bbox 1029 4269 1086 4335; x_wconf 66' lang='grc' dir='ltr'>δια]</span> <span class='ocrx_word' id='word_1_374' title='bbox 1110 4271 1249 4332; x_wconf 71' lang='lat' dir='ltr'>Cleopatra,</span> <span class='ocrx_word' id='word_1_375' title='bbox 1309 4277 1337 4312; x_wconf 77' lang='lat'>‘.&#39;</span> 
     </span>
    </p>
   </div>
   <div class='ocr_carea' id='block_1_9' title="bbox 146 4335 1255 4486">
    <p class='ocr_par' dir='ltr' id='par_1_19' title="bbox 146 4335 1255 4486">
     <span class='ocr_line' id='line_1_45' title="bbox 180 4335 1255 4402; baseline 0.004 -17"><span class='ocrx_word' id='word_1_376' title='bbox 180 4343 221 4387; x_wconf 80' lang='lat'>70.</span> <span class='ocrx_word' id='word_1_377' title='bbox 239 4339 297 4394; x_wconf 84' lang='lat' dir='ltr'>Quis</span> <span class='ocrx_word' id='word_1_378' title='bbox 313 4341 352 4386; x_wconf 76' lang='lat' dir='ltr'>tihi</span> <span class='ocrx_word' id='word_1_379' title='bbox 366 4342 448 4398; x_wconf 77' lang='lat' dir='ltr'>cerarii,</span> <span class='ocrx_word' id='word_1_380' title='bbox 465 4337 526 4402; x_wconf 66' lang='lat' dir='ltr'>&amp;al</span> <span class='ocrx_word' id='word_1_381' title='bbox 539 4336 686 4386; x_wconf 80' lang='lat' dir='ltr'>Exclamatio</span> <span class='ocrx_word' id='word_1_382' title='bbox 710 4353 779 4398; x_wconf 83' lang='lat' dir='ltr'>quam</span> <span class='ocrx_word' id='word_1_383' title='bbox 799 4338 871 4386; x_wconf 71' lang='lat' dir='ltr'>hatra</span> <span class='ocrx_word' id='word_1_384' title='bbox 891 4335 1013 4389; x_wconf 76' lang='lat' dir='ltr'>iatetfectc</span> <span class='ocrx_word' id='word_1_385' title='bbox 1034 4341 1118 4399; x_wconf 71' lang='lat' dir='ltr'>ponus</span> <span class='ocrx_word' id='word_1_386' title='bbox 1142 4335 1255 4399; x_wconf 63' lang='lat' dir='ltr'>prmum.</span> 
     </span>
     <span class='ocr_line' id='line_1_46' title="bbox 146 4401 972 4486; baseline 0.004 -36"><span class='ocrx_word' id='word_1_387' title='bbox 146 4413 222 4468; x_wconf 68' lang='lat' dir='ltr'>poete</span> <span class='ocrx_word' id='word_1_388' title='bbox 239 4420 281 4468; x_wconf 82' lang='lat' dir='ltr'>par</span> <span class='ocrx_word' id='word_1_389' title='bbox 298 4405 441 4456; x_wconf 73' lang='lat' dir='ltr'>evasionem</span> <span class='ocrx_word' id='word_1_390' title='bbox 459 4405 483 4454; x_wconf 84' lang='lat' dir='ltr'>in</span> <span class='ocrx_word' id='word_1_391' title='bbox 497 4412 594 4468; x_wconf 79' lang='lat' dir='ltr'>turpem</span> <span class='ocrx_word' id='word_1_392' title='bbox 605 4401 687 4486; x_wconf 75' lang='lat' dir='ltr'>lihidi-</span> <span class='ocrx_word' id='word_1_393' title='bbox 697 4454 699 4457; x_wconf 80' lang='grc'><strong>,</strong></span> <span class='ocrx_word' id='word_1_394' title='bbox 710 4403 810 4469; x_wconf 69' lang='lat' dir='ltr'>AEgypli</span> <span class='ocrx_word' id='word_1_395' title='bbox 816 4417 905 4470; x_wconf 56' lang='lat'>¹98¹&amp;</span> <span class='ocrx_word' id='word_1_396' title='bbox 941 4454 945 4459; x_wconf 75' lang='grc'>,</span> <span class='ocrx_word' id='word_1_397' title='bbox 970 4433 972 4436; x_wconf 57' lang='lat'>&lt;</span> 
     </span>
    </p>
   </div>
   <div class='ocr_carea' id='block_1_10' title="bbox 0 0 1396 4860">
    <p class='ocr_par' dir='ltr' id='par_1_20' title="bbox 0 0 1396 4860">
     <span class='ocr_line' id='line_1_47' title="bbox 0 0 1396 4860; baseline 0 0"><span class='ocrx_word' id='word_1_398' title='bbox 0 0 1396 4860; x_wconf 95' lang='lat' dir='ltr'> </span> 
     </span>
    </p>
   </div>
  </div>
 </body>
</html>
