2784 4860
137 362 208 433 aas
348 415 355 427 .
415 357 705 431 manuni
749 358 974 437 uocatu
998 406 1003 413 -
1025 338 1038 385 ²

143 532 281 598 Avulsit
292 531 425 594 laceros
445 549 611 612 percussa
624 551 740 615 puppe
752 533 912 599 rudentes

142 643 259 711 Turbo
273 660 394 724 rapax,
409 639 629 722 fragilemque
645 641 925 724 supervolitantia
936 643 1071 711 malum-

143 751 235 817 Vela
243 752 338 816 tulit:
362 751 477 817 sonuit
491 751 592 815 victis
611 752 834 833 compagibus
849 752 959 821 maus.

145 861 231 931 Inde
245 866 345 925 ruunt
358 866 430 925 toto
453 861 589 926 concita
602 861 757 944 pericula
770 862 908 929 mundo.
1018 864 1024 871 '

146 971 281 1038 Primus
301 971 346 1036 ab
362 970 501 1037 Oceano
515 977 620 1054 caput
634 972 745 1035 exeris
759 970 932 1049 Atlanteo,

79 1128 82 1143 ,
146 1079 245 1158 Gora,
260 1101 401 1145 movens
416 1087 539 1146 aestus:
557 1082 632 1164 jam
645 1086 679 1144 te
695 1081 832 1145 tollente
854 1081 988 1147 fluebat

146 1191 290 1269 PontuS,
306 1199 341 1258 et
358 1195 394 1257 in
412 1193 576 1274 scopulos
590 1197 680 1256 totas
695 1196 849 1254 erexerat
862 1192 983 1257 undas.

149 1301 307 1367 Occurrit
321 1303 464 1385 geliduS,
481 1303 622 1378 Boreas,
643 1302 852 1384 pelagusque
867 1300 1032 1369 retundit:
1047 1312 1050 1317 ’

147 1410 195 1477 Et
209 1413 349 1483 dubium
365 1413 500 1497 pendet,
516 1417 617 1476 vento
633 1413 688 1474 cui
704 1409 872 1486 concidat,
888 1431 1017 1493 aequor.

148 1521 218 1586 Sed
236 1522 387 1604 Scythici
403 1523 486 1586 vicit
499 1522 611 1587 rabies
624 1520 820 1604 Aquilonis,
835 1525 870 1585 et
888 1522 998 1587 undas

145 1631 272 1707 Torsit,
288 1639 322 1695 et
336 1635 511 1699 abstrusas
525 1633 659 1714 penitus
677 1631 767 1694 vada
780 1630 863 1699 fecit
876 1650 1007 1699 arenae.

148 1739 226 1804 Nec
240 1742 365 1823 perfert
378 1746 518 1823 pontum
538 1741 667 1808 Boreas
683 1739 727 1803 ad
743 1759 840 1817 saxa,
860 1759 1028 1827 suumque

150 1848 192 1914 In
208 1850 331 1915 fluctus
346 1850 426 1914 Cori
448 1851 571 1931 frangit
584 1869 697 1913 mare:
722 1853 882 1934 motaque
906 1857 1051 1936 possunt
1154 1833 1157 1837 ’
1193 1900 1197 1909 .

149 1958 305 2042 AEquora
319 1961 496 2024 subductis
511 1961 613 2023 etiam
628 1977 825 2026 concurrere
840 1962 961 2027 ventis.

150 2067 232 2133 Non
247 2069 328 2132 Euri
343 2088 498 2133 cessasse
518 2071 639 2145 minas,
654 2087 723 2130 non
738 2068 901 2133 imbribus
922 2075 1031 2139 atrum

150 2178 256 2243 AEolii
277 2179 429 2262 jacuisse
446 2178 576 2242 Notum
591 2179 654 2240 sub
675 2197 809 2241 carcere
824 2180 901 2243 saxi
1008 2246 1011 2253 ,

153 2285 380 2353 Crediderim:
405 2293 547 2352 cunctos
563 2288 664 2351 solita
679 2288 830 2370 departe
844 2296 978 2358 ruentes
1180 2286 1247 2369 olo

145 2395 356 2494 'Defendisse
376 2418 456 2463 suas
470 2399 619 2463 violento
639 2397 769 2466 turbine
784 2403 900 2481 terras,
986 2459 989 2463 ,

152 2596 201 2647 59⁷
211 2607 320 2662 congesta
401 2599 560 2646 600ereoerit.
637 2599 780 2656 Gotpursot.
857 2591 991 2644 oceanea.
1074 2598 1247 2646 octrumum.

258 2660 406 2727 605prq‘ert.
489 2665 631 2712 608cessore.
714 2663 761 2709 609
773 2660 866 2706 latuisse.
949 2664 997 2708 610
1008 2660 1140 2709 credideris.

96 2875 99 2882 ,
151 2836 266 2884 duribus
291 2839 439 2899 Pompeianis
461 2855 503 2900 per
527 2844 689 2899 tempestatem
714 2836 810 2896 opponit
824 2835 961 2897 Aquilonem
973 2852 1003 2883 ex
1019 2836 1117 2884 adverso
1127 2814 1248 2899 insurpss·

153 2915 201 2946 non
212 2903 273 2947 ausis
283 2905 389 2951 deserere
405 2905 480 2950 litora.
499 2902 612 2964 Frustra]
629 2904 689 2948 Gon»
714 2908 769 2955 tem,
782 2905 938 2947 utrentororn
954 2901 1016 2947 lucta
1029 2901 1168 2961 etprrelinrn
1187 2903 1248 2951 iuter
1316 2922 1320 2933 ¹

154 2963 220 3010 ferat.
241 2965 358 3012 blanditur
384 2968 444 3013 euim
465 2967 529 3023 milri,
557 2966 688 3018 ostendeus,
715 2964 820 3012 scmulto
828 2960 951 3012 uiolentius
959 2965 1247 3014 aerumnarum

154 3027 295 3088 quodquam
313 3031 388 3089 possit
398 3047 489 3087 nocere,
508 3032 610 3077 conferat
622 3031 689 3074 bene·
714 3027 768 3088 du]
786 3029 954 3088 significanter.
967 3031 1027 3075 Nam
1039 3045 1091 3075 curn
1104 3031 1163 3077 dicit
1175 3032 1247 3085 Bora,-

153 3091 240 3138 ticium.
257 3092 338 3154 Salpit.
352 3092 690 3155 Nonplorolocuto,&c.]To·
714 3106 750 3136 arn
771 3094 832 3138 Coro
852 3094 981 3141 occurrisse
1001 3094 1100 3148 obvim,
1115 3095 1248 3143 amando

154 3155 187 3202 lio
196 3159 298 3219 jactanti
307 3159 399 3204 cratem
413 3158 522 3219 Aquilone
534 3158 631 3218 procella
649 3154 690 3202 Vc
714 3162 796 3202 aestum
806 3163 869 3202 retro
880 3157 972 3216 disjecit
976 3174 984 3215 ;
999 3165 1026 3205 nt
1039 3165 1148 3220 coarguat
1157 3166 1183 3207 et
1191 3174 1248 3207 reu·

156 3221 204 3268 lum
213 3222 306 3268 adrem
308 3224 376 3287 serit.
715 3228 789 3266 torum
801 3221 861 3266 inter
869 3236 894 3267 se
902 3228 926 3267 et
935 3221 1046 3268 undamn
1054 3237 1157 3284 pugnam
1165 3223 1190 3277 iu
1199 3238 1248 3271 uss·

153 3309 158 3314 ·
188 3288 245 3335 ⁵96.
263 3286 342 3332 Sonuit
355 3284 440 3346 olaus]
457 3286 577 3332 ,lancturis
591 3288 640 3345 juon
656 3287 690 3333 fa·
714 3284 890 3332 dioAdriatieo.
908 3284 1014 3332 Heraens,

153 3348 292 3397 tiscentibus
305 3351 396 3410 crepuit
411 3349 526 3405 navicula,
541 3358 568 3396 ut
585 3352 691 3408 quaejam
747 3351 802 3395 602.
821 3348 983 3406 Cuiconcidat
993 3351 1086 3415 upton]
1103 3351 1147 3400 cni
1160 3360 1249 3415 purast,

154 3415 274 3468 videretur
284 3415 392 3468 dissilire,
406 3413 509 3465 Hmteru.
523 3413 691 3476 Alam‚]Gym-
714 3413 753 3459 cni
764 3414 905 3461 succmnbnt.

157 3479 195 3525 ba.
748 3481 803 3526 604.
823 3476 914 3539 Torsit]
943 3479 1049 3535 Retudit,
1065 3475 1129 3526 retro
1145 3480 1246 3541 disjecit

190 3545 246 3592 597.
264 3543 320 3590 lude
330 3551 410 3596 ruunt,
427 3540 485 3603 bre]
503 3542 638 3589 Summatlm
648 3558 691 3588 uu-
715 3541 832 3594 Abstrusas
840 3543 936 3601 parabus,
947 3543 1003 3606 bra]
1021 3543 1115 3593 Terram
1122 3545 1249 3608 rittershus-

156 3606 227 3666 slique
236 3609 312 3654 stutim
319 3614 427 3668 congesta
434 3607 510 3652 omniu
518 3606 621 3666 pericula
629 3622 691 3652 oom-
716 3614 753 3654 tua
762 3607 849 3665 operit:
858 3605 926 3670 fierit
941 3609 1094 3655 mauronis

156 3671 692 3796 tttbtltlbltltltbttltltt
716 3674 763 3794 a?
765 3671 810 3779 ⁰32
820 3670 841 3795 1‘*
843 3671 907 3780 ‘lii‘
906 3671 1249 3799 tltlflttl‘ibltb*

158 3799 261 3860 melodo]
278 3801 315 3845 Ab
326 3800 389 3845 omni
400 3800 453 3844 coeli
461 3806 534 3858 parte.
716 3814 755 3844 sos
764 3798 792 3844 sd
804 3799 878 3845 undas
888 3815 902 3845 a
911 3799 972 3846 Coro
981 3800 1096 3848 inductas.
1249 3798 1254 3809 '

190 3865 246 3911 598.
264 3863 297 3908 Ab
310 3863 398 3909 Oceano
409 3873 475 3923 caput
486 3864 553 3909 exeris
567 3863 691 3927 Attanae]
749 3865 804 3908 607.
821 3862 1027 3928 &abdam-bra]
1044 3865 1120 3915 Etiam
1139 3866 1250 3919 erasnm

156 3927 246 3975 Amori
257 3928 381 3974 Atlantico.
398 3930 481 3982 (lorus,
499 3929 538 3973 ilat
554 3925 583 3974 ub
601 3930 692 3974 Occasu
715 3926 850 3973 busventis.
876 3963 879 3969 .
1295 3928 1299 3933 ’

158 3991 284 4047 solstitiali,
296 3993 406 4038 adversus
415 3992 559 4051 Aquilonem.
567 3993 690 4055 Atlanteo]
749 3992 804 4043 609.
822 3991 867 4038 Sub
876 4006 965 4038 carcerc
979 3994 1035 4049 mxi,
1051 3992 1111 4055 bra]
1126 3993 1208 4043 AEolio
1225 3997 1249 4045 in

59 4116 62 4121 ἱ
156 4058 195 4105 Ab
203 4056 297 4103 Atlante
306 4063 392 4110 monte,
403 4072 470 4119 quem
481 4056 547 4102 alluit
554 4057 577 4102 in
588 4065 692 4104 extrema
716 4063 790 4112 antro,
801 4062 922 4104 ventorum
940 4071 1038 4105 earcere.
1052 4057 1093 4107 ar.
1111 4063 1135 4109 7.
1151 4059 1177 4107 in
1189 4061 1251 4114 ruri

157 4120 244 4168 Arriae
252 4136 301 4176 ora,
312 4121 346 4167 sic
356 4121 444 4166 dictum
453 4135 521 4169 mare.
534 4121 625 4168 Deinde
636 4121 691 4168 Cori
714 4121 801 4166 Siculo.

156 4184 268 4233 violentia
278 4199 347 4246 quum
357 4185 511 4232 concitaretur
520 4185 603 4232 mirum
612 4187 635 4232 iu
642 4202 691 4231 mo-
749 4187 803 4232 611.
820 4183 950 4248 Defendisse
960 4200 1020 4241 usas,
1031 4185 1088 4250 δια]
1105 4187 1144 4233 Ne
1161 4188 1192 4235 sb
1208 4189 1252 4237 so·

157 4251 212 4296 dum
222 4249 292 4296 maris
303 4256 380 4305 aestus,
392 4250 473 4296 fluctus
483 4249 507 4295 in
521 4251 629 4312 scopulos
639 4265 691 4297 cum
715 4249 790 4298 versis
796 4249 871 4296 ventis
876 4250 1064 4309 percellerentur,
1072 4252 1186 4301 nsumsri
1192 4268 1250 4301 oon·

156 4313 386 4362 udnrirabiliiramitu
395 4313 465 4360 erecti
474 4315 573 4363 fuerunt
586 4315 689 4362 Hormo.
715 4313 789 4360 citato
806 4314 958 4365 obruerentur
972 4320 1049 4375 tarrae,
1066 4331 1081 4363 a
1096 4316 1181 4377 quibus
1201 4317 1251 4379 ipsi

156 4410 161 4430 ι
189 4378 372 4428 §litomeris
391 4378 480 4443 gelidus
499 4377 602 4444 Boram]
628 4381 691 4428 (loro
715 4379 776 4428 flant.
1222 4390 1225 4395 ·
