2784 4860
160 345 226 410 ele
466 349 960 427 SUPPLEMENTUM

161 515 345 584 Caeduntur
360 523 504 587 cumulis
518 526 660 607 passim,
671 527 868 613 jugulisque
882 531 1035 617 fatigent

159 627 339 695 Caesareos
353 633 438 696 solis
451 653 459 713 ;
482 654 546 699 nec
561 641 689 701 stantes
704 640 852 723 amplius
865 640 958 707 hosti
1114 698 1121 713 .

158 740 230 806 Hic
246 743 371 808 bellum
387 747 448 810 scd
462 747 581 830 praeda
595 755 742 815 manent.
763 750 944 818 hastilibus
957 754 1045 839 igne

158 850 298 918 Duretis
314 856 396 938 quid
412 856 570 923 Bemdrae
581 858 655 942 jem
669 861 762 925 nude
769 862 954 946 juventus?

157 960 251 1041 Quid
264 965 398 1041 levibus
414 973 531 1031 contra
547 968 724 1035 Romanos
739 975 929 1040 comminus
943 975 1069 1045 hostes
1194 982 1200 993 ’

155 1073 336 1140 Autololes
346 1077 500 1160 jaculis?
522 1080 571 1143 nil
586 1081 654 1144 illis
669 1081 769 1162 ignee
782 1084 910 1167 plentae

155 1182 220 1248 Vis
236 1187 385 1268 prodest,
401 1208 587 1272 cursusque
602 1190 670 1255 levi
684 1193 837 1258 velocior
850 1214 944 1261 eure.

156 1294 238 1360 Non
252 1297 338 1361 bene
355 1296 533 1381 Cyniphiis
545 1299 664 1364 hirsuti
679 1305 829 1384 tegmine
842 1306 939 1389 capri
996 1338 1002 1347 ·

155 1405 303 1473 Pectora
317 1409 510 1473 defendunt.
533 1412 595 1475 vix
609 1418 728 1477 contre
741 1413 890 1481 Caesaris
904 1436 1006 1483 enses

155 1521 220 1584 AEs
234 1521 424 1604 ferrumque
437 1521 562 1586 velent.
584 1523 765 1607 implentur
779 1526 942 1608 sunguine
956 1526 1080 1595 fosete.

154 1630 285 1696 Moesta
298 1632 412 1696 madet
425 1633 537 1710 tellus,
553 1639 588 1698 et
602 1634 644 1699 de
658 1639 709 1699 tot
724 1636 879 1718 gentibus
893 1656 982 1703 unus

119 1736 122 1743 ’
152 1741 349 1826 Purpureus
364 1743 466 1807 ceesis
481 1744 600 1809 infecit
613 1764 746 1828 pascua
759 1749 900 1811 torrens.

152 1855 235 1920 Non
248 1854 272 1919 J
273 1856 341 1919 ube
355 1876 416 1939 per
429 1861 554 1921 mortes
568 1856 752 1934 hominnm,
767 1858 970 1943 privateque
982 1858 1071 1941 fetu,

151 1968 221 2033 Sed
236 1973 352 2050 gentes
363 1968 489 2051 pariter
503 1988 625 2046 caesas,
640 1969 857 2053 populosque
867 1970 1026 2056 jacentes

151 2079 292 2143 Metitur
306 2079 441 2161 quantis
455 2085 597 2162 pereunt
611 2080 678 2145 sibi
691 2100 794 2163 regne
808 2082 925 2147 ruinis

151 2188 227 2253 Nec
244 2209 307 2253 sua
319 2193 399 2272 post
413 2192 541 2253 tentem
556 2190 689 2254 cladem
703 2191 834 2255 munite
847 2192 983 2275 putavit
1041 2234 1048 2245 ·

148 2298 270 2364 Castra
284 2299 380 2375 satis,
395 2298 552 2363 miserem
565 2300 667 2364 victis
681 2307 841 2384 praestate
855 2304 1021 2385 salutem

150 2410 219 2476 Sed
235 2430 313 2473 cum
328 2409 464 2473 Petreio
480 2408 613 2491 fugiens
628 2413 773 2477 tentoria
787 2414 919 2479 cunctis

148 2522 336 2607 Splendida
350 2522 478 2586 divitiis
492 2521 582 2586 ho'sti
598 2523 752 2605 permisit
765 2543 880 2589 avaro.

148 2635 236 2715 Quae
252 2636 321 2699 cito
338 2634 488 2698 Caesarei
501 2634 668 2701 victorum
683 2639 777 2717 terge
791 2642 973 2720 sequentes

147 2748 331 2830 Diripiunt,
348 2747 539 2829 opibusque
553 2746 576 2811 J
577 2746 667 2823 ubae,
682 2747 853 2830 tantisque
867 2748 969 2831 potiti

147 2858 319 2923 Bellorum
334 2857 480 2933 exuviis,
496 2876 636 2939 operum
648 2857 815 2935 mercede,
830 2857 1031 2943 priusquam

146 2970 411 3052 Sanguinolente
424 2968 489 3032 fuit
502 2968 648 3032 victoria
661 2968 774 3051 plene,
789 2969 952 3039 fruuntur.

188 3081 257 3146 Sed
271 3101 340 3145 non
354 3086 424 3144 teon
440 3078 541 3144 celeri
555 3079 682 3144 bellum
697 3098 759 3162 pro
775 3079 914 3146 Caesere
928 3102 1044 3161 cursu,
1143 3146 1149 3157 ,

144 3193 223 3274 Qua
238 3194 347 3258 Latiis
362 3193 475 3257 stabat
488 3193 635 3257 vallatus
651 3193 770 3276 Scipio
785 3195 903 3259 turmis

142 3305 257 3389 Atque
272 3324 372 3388 peres
387 3303 512 3367 fulsere
526 3301 675 3386 Aquilae,
693 3303 844 3369 Fortuna
857 3304 997 3388 peregit.

143 3415 214 3481 Hic
229 3416 358 3479 incerta
372 3414 432 3477 diu
441 3413 527 3478 varii
541 3413 635 3477 stetit
648 3413 726 3477 elea
738 3414 821 3479 belli

143 3527 213 3592 Hie
228 3527 329 3592 heesit
343 3526 461 3602 fatum,
477 3531 511 3589 et
525 3523 638 3588 dubiis
652 3522 796 3589 victorie
808 3526 931 3609 pennis

142 3639 233 3704 Inter
247 3644 425 3722 utrumque
441 3656 561 3720 agmen
576 3635 654 3701 vise
666 3640 720 3701 est
733 3636 896 3718 volitere;
917 3638 1054 3723 repellit

139 3748 280 3815 Viribus
294 3749 370 3813 haec
385 3747 479 3812 ecies
492 3747 601 3826 vires3
624 3745 819 3829 eltemeque
833 3746 973 3813 dextros

140 3858 290 3923 Crimina
303 3859 423 3923 civiles
437 3857 588 3936 foedent3
611 3856 691 3920 dum
705 3856 856 3923 maxime
869 3862 1011 3942 regnunt

139 3969 210 4035 Hic
226 3969 318 4047 odia,
333 3969 389 4033 hic
405 3968 540 4046 coedes3
563 3967 695 4032 enimoe
709 3967 746 4032 in
760 3968 884 4052 proelie
897 3974 1062 4054 tanquam

137 4079 254 4146 Causa
267 4080 359 4144 mala
373 4085 529 4162 augeret3
550 4082 714 4161 tantoque
729 4079 899 4144 ardentior
912 4079 966 4145 ire

136 4193 216 4274 Quo
232 4190 398 4256 scelerate
411 4189 531 4270 magis.
554 4188 710 4254 dubitant
721 4190 899 4256 ostendere
913 4190 988 4257 futu

135 4301 229 4382 Quid
241 4302 377 4367 tandem
393 4299 515 4367 Romae
531 4298 708 4369 fortunave
724 4299 873 4369 Gaeseris
886 4308 990 4371 esset.
1075 4396 1079 4401 Ι
