2784 4860
314 357 556 424 crvrnrs
601 358 784 427 annm
824 360 935 428 nra.
974 361 1080 429 vni.
1183 365 1249 432 ato

141 522 332 588 Permisere
349 523 427 599 sibi,
443 522 634 606 frustraque
650 522 802 610 attollere
818 527 907 589 terra
1027 551 1029 556 ⁴
1202 524 1248 588 65

140 625 388 699 Semianimem
399 639 564 696 conantur
583 634 718 697 heram:
741 654 845 717 quam
859 639 998 718 pectore
1014 635 1162 718 Magnus

137 743 269 820 Ambit,
287 751 321 807 et
336 746 494 808 astrictos
510 745 641 808 refovet
656 745 900 827 complexibus·
910 749 1014 810 artus.
1062 751 1065 755 ’

139 854 303 936 Coeperat
317 856 353 916 in
369 875 537 917 summum
552 859 713 919 revocato
729 856 892 937 sanguine
909 877 1034 940 corpus

140 965 299 1046 Pompeii
316 966 438 1027 sentire
455 984 587 1038 manuS,
604 970 829 1048 moestamque
845 967 966 1030 mariti·

141 1075 252 1138 Posse
267 1077 339 1157 pati
355 1075 496 1137 faciem:
520 1074 677 1156 prohibet
691 1077 916 1146 succumbere,
929 1077 1011 1141 fatis
1053 1095 1058 1104 ·
1205 1080 1248 1142 70
1307 1110 1317 1132 x

141 1184 303 1266 Magnus,
320 1191 353 1248 et
368 1185 571 1247 immodicos
587 1184 733 1264 castigat
745 1205 832 1250 voce
843 1185 989 1251 dolores.
1124 1224 1126 1229 >
1158 1226 1161 1231 .

185 1296 312 1358 Nobile
329 1296 505 1358 cur-robur
521 1294 680 1357 Fortuna
696 1296 833 1363 vulnere
848 1298 970 1380 primo,
1052 1358 1055 1361 ,

142 1408 295 1481 Femina,
312 1413 481 1470 tantorum
496 1406 603 1470 titulis
617 1407 760 1488 insignis
777 1428 928 1487 avorum,

141 1515 308 1598 Frangisi
333 1517 454 1580 Habes
470 1513 599 1579 aditum
613 1520 823 1582 mansurain
838 1520 956 1584 secula
971 1519 1084 1598 famae,
1131 1539 1132 1543 ’
1199 1575 1200 1581 ,

143 1627 273 1691 Laudis
290 1628 325 1688 in
339 1627 520 1703 hoo-sexu,
536 1647 604 1690 non
619 1629 731 1709 legum
741 1629 831 1713 jura,
848 1650 911 1694 nec
928 1649 1032 1709 arma,
1139 1649 1142 1656 ·
1205 1631 1250 1695 75

144 1738 259 1802 Unica
274 1740 415 1802 materia
431 1744 483 1825 est
499 1739 627 1822 conjux
641 1726 754 1803 miser.
771 1741 861 1822 erige
876 1745 1034 1818 mentem,
1113 1720 1117 1728 ¹

144 1850 189 1913 Et
204 1855 263 1913 tua
279 1871 355 1913 curn
372 1850 452 1913 fatis
468 1851 580 1933 pietas
596 1851 761 1927 decertet,
781 1856 815 1915 et
829 1852 980 1934 ipsum,
1024 1876 1025 1879 ¹
1069 1871 1072 1876 ’
1136 1870 1142 1876 ·
1171 1860 1176 1867 ’

145 1958 249 2038 Quod
268 1982 344 2023 surn
363 1962 486 2038 victus,
503 1981 601 2025 ama:
625 1981 714 2024 nuno
731 1982 806 2024 sum
820 1963 884 2025 tibi
900 1962 1009 2043 gloria
1023 1961 1145 2045 major.

143 2069 177 2133 A
187 2092 241 2134 me
257 2072 350 2153 qnod
365 2072 490 2148 fascea,
507 2077 541 2136 ei
556 2072 649 2154 quod
663 2073 724 2154 pia
739 2057 837 2136 turba
852 2072 1010 2148 SenatuS,

143 2182 322 2265 Tantaque
339 2185 499 2247 discessit
512 2204 628 2265 regum
649 2202 790 2246 manus:
814 2183 928 2264 incipe
945 2181 1110 2264 Magnum
1205 2180 1248 2246 80

146 2294 230 2357 Sola
246 2296 354 2376 sequi.
379 2295 551 2371 deformis,
568 2295 679 2358 adhuc
694 2294 829 2357 vivente
848 2293 969 2356 marito
1017 2340 1025 2356 .

144 2405 316 2481 Summus,
333 2413 366 2469 et
383 2407 498 2486 augeri
510 2406 635 2469 vetitus
651 2404 766 2466 dolor:
790 2403 1023 2467 ultimadebet

212 2541 352 2597 decarpere.
419 2539 451 2585 75
468 2554 544 2600 neque.
622 2542 654 2584 77
671 2537 779 2582 dissertet.
857 2539 888 2584 78
906 2552 964 2582 num.
1043 2540 1073 2582 81
1090 2538 1117 2583 ab
1128 2538 1177 2586 boc.

148 2667 192 2697 non
203 2650 328 2712 permisere
340 2650 384 2697 sibi
402 2651 508 2696 incusare
520 2652 687 2697 inclementiam
713 2652 827 2696 materiam
835 2658 927 2711 tempore
939 2651 1012 2697 lundis
1023 2653 1094 2699 taber.

147 2717 245 2761 satorum
255 2717 314 2761 ultra
324 2717 405 2761 tacitos
417 2723 519 2774 questus,
529 2717 572 2761 hoc
580 2723 624 2771 est,
631 2723 688 2762 tem·
746 2716 785 2769 75.
805 2714 857 2760 Non
867 2716 1013 2778 iegnmjnrn,
1028 2715 1085 2778 &c.]
1103 2717 1195 2764 Etenim
1207 2718 1249 2764 mi·
1263 2750 1265 2752 v

148 2787 287 2840 paraverunt
298 2781 342 2825 sibi
354 2781 439 2839 ejulatu
451 2787 473 2825 et
484 2780 688 2826 vociferationibus
714 2794 752 2824 ser
762 2779 857 2825 maritus
869 2787 906 2825 est
915 2780 984 2827 uxori
997 2796 1044 2826 sure
1055 2781 1126 2836 fideli,
1135 2783 1158 2828 in
1170 2782 1252 2828 adver·

149 2846 309 2898 lamentorum,
322 2845 459 2904 Pompeium
473 2844 523 2889 scil.
535 2845 648 2900 reveritae,
665 2851 688 2891 et
714 2844 746 2889 sis
759 2843 835 2888 landis
846 2845 956 2902 materia3
972 2860 1039 2904 quam
1052 2847 1130 2892 nonin
1143 2846 1250 2893 adminis-

148 2912 246 2956 neherae
259 2911 360 2955 dolorem
374 2909 533 2955 accenderent.
713 2907 811 2955 tratione
823 2915 909 2969 togate,
925 2916 964 2956 aut
979 2909 1002 2954 in
1018 2913 1073 2970 jure
1081 2912 1196 2968 dicendo;
1209 2927 1252 2957 nec

181 2977 221 3023 66.
240 2975 331 3020 Pectore
344 2973 463 3035 Magnus]
481 2973 639 3033 Amplexetur.
714 2973 737 3018 in
749 2972 833 3018 mediis
850 2975 927 3029 armis,
946 2975 1100 3036 consequeris.
1119 2976 1186 3023 Hori.

183 3043 223 3087 68.
242 3035 478 3098 intumentia]
502 3040 539 3084 Ad
556 3055 580 3084 se
598 3039 689 3094 redire;
747 3040 786 3084 77,
806 3036 836 3083 Et
850 3046 891 3083 tun
907 3055 958 3084 oum
970 3039 1031 3102 jutis
1047 3041 1127 3099 pietas,
1144 3039 1200 3102 δια]
1225 3040 1251 3086 Si

150 3104 269 3165 sanguine,
282 3103 321 3162 qui
336 3103 359 3146 in
376 3103 496 3162 repentina
506 3103 688 3149 consternatione
713 3102 761 3147 fata
784 3103 916 3161 dejecerunt
935 3120 947 3149 e
967 3104 1066 3150 culmine
1082 3105 1251 3165 gloriarPom-

150 3169 181 3213 ad
192 3184 233 3214 cor
243 3170 376 3221 reduxerat,
389 3184 414 3212 se
423 3169 470 3226 jam
482 3167 612 3214 remittente
621 3175 689 3227 atque
714 3168 791 3225 petum
802 3183 809 3224 3
826 3173 851 3213 tu
863 3175 948 3222 contra,
956 3167 1005 3228 'qua
1019 3176 1086 3231 potes
1096 3170 1182 3231 pietate
1198 3185 1250 3215 enrn

149 3234 174 3278 in
185 3241 299 3279 extremas
308 3241 386 3290 partes
397 3233 534 3277 effundente.
715 3231 794 3291 adjuta
805 3231 829 3276 in
841 3231 931 3278 afflictis
942 3235 1019 3287 rebus,
1030 3233 1090 3281 unde
1098 3233 1194 3280 materia
1203 3233 1252 3280 lau-

183 3299 223 3343 70.
248 3296 357 3357 Faciem]
387 3298 546 3356 Adspectum3
572 3298 600 3342 ad
622 3312 689 3355 quem
715 3295 752 3341 dis
765 3296 977 3357 iibiappositaest.
998 3297 1102 3345 Herem.
1129 3331 1131 3336 .

149 3360 216 3420 prius
228 3361 342 3407 exanimis
352 3362 477 3406 deciderat.
495 3360 638 3407 Succumbere
646 3360 690 3423 fu-
748 3361 787 3406 78.
807 3360 873 3413 Quod
883 3377 932 3406 snm
949 3363 1028 3418 cutus,
1045 3361 1114 3423 ema]
1133 3361 1204 3419 Quasi
1216 3362 1252 3408 di·

150 3426 199 3488 tis.]
218 3427 306 3471 Cedere
320 3427 422 3472 adversae
434 3427 538 3471 fortunae.
673 3433 675 3436 ’
716 3433 761 3478 cat,
777 3425 851 3470 mutto
867 3427 940 3486 magis
960 3427 1004 3472 tibi
1016 3427 1039 3471 in
1055 3428 1152 3473 adversa
1162 3429 1253 3473 fortuna

185 3494 224 3537 72.
244 3489 321 3536 Nobile
342 3505 383 3535 cur
405 3491 479 3544 robur,
499 3489 555 3552 dec]
584 3488 690 3550 Pompeii
716 3505 766 3534 sum
778 3491 895 3543 amandus,
912 3491 1016 3550 quamin
1032 3493 1144 3538 secunda:
1162 3495 1254 3539 utami-

150 3556 225 3601 oratio
243 3555 394 3600 consolatoria
409 3563 452 3608 est,
470 3556 623 3614 qnasi-actum
643 3554 691 3598 ani-
716 3569 757 3598 cns
778 3559 855 3599 certus
878 3554 904 3599 in
924 3571 950 3600 re
970 3556 1057 3601 incerta
1076 3556 1193 3602 centitur:
1220 3557 1254 3603 ita

151 3636 214 3666 mum
232 3620 336 3664 adversis
353 3620 405 3664 fatis
424 3619 500 3663 mariti
516 3618 655 3671 consolatur,
668 3626 692 3663 et
715 3619 789 3663 mutto
800 3618 873 3679 magis
881 3619 921 3678 pia
931 3626 954 3664 et
964 3623 1024 3666 bona
1033 3637 1095 3667 uxor
1106 3621 1252 3669 in‘tristibus.

150 3684 244 3743 quidem
253 3683 489 3742 ai'gumentis,quibue
498 3684 520 3728 in
529 3684 638 3743 prasenti
649 3699 692 3743 po·
718 3681 820 3728 Herem.

153 3756 206 3804 test,
218 3749 402 3794 accommodatis.
420 3748 490 3793 Initio
502 3754 578 3808 captat
591 3749 691 3794 benevo-
749 3750 789 3794 79.
807 3747 827 3792 A
843 3763 876 3793 ene
888 3747 1033 3811 quodfuaces,
1050 3749 1107 3811 δια]
1125 3750 1177 3797 Erit
1193 3754 1253 3798 enirn

152 3813 246 3859 lentiam
259 3829 272 3857 a
283 3813 393 3872 dignitate
406 3813 504 3873 generis,
519 3828 623 3872 personae
636 3814 692 3858 Cor·
717 3813 767 3858 veri
778 3813 861 3858 amoris
875 3821 1051 3872 argumentum
1067 3821 1091 3860 et
1110 3830 1155 3861 non
1171 3824 1194 3862 te
1210 3817 1254 3863 viri

153 3877 230 3934 neliae,
249 3885 311 3923 tecte
334 3877 401 3923 simul
424 3893 473 3921 eam
495 3878 601 3922 incusans
625 3877 692 3922 fracti
718 3878 1253 3941 anassefortunam;eedvirnrnipsunr,qnem

152 3942 229 3989 animi.
248 3942 353 3988 thtens.
371 3941 469 4004 Rotam]
487 3942 564 3987 Animi
577 3941 692 3988 fortitudi-
718 3943 747 3987 ab
759 3940 811 3987 attis
822 3942 938 3989 desertum
949 3944 1059 4003 sequaris.
1076 3943 1156 4004 Seiipit.

151 4023 212 4054 nem.
232 4006 328 4067 Robur]
345 4007 422 4051 Animi
434 4006 570 4052 firmitatem.
752 4008 790 4051 81.
810 4005 928 4070 Deformis,
940 4006 996 4070 bic]
1009 4009 1079 4054 Haud
1088 4010 1156 4056 decet
1167 4009 1254 4069 impert-

187 4075 226 4119 73.
245 4071 362 4133 Ariorum]
382 4071 523 4130 Scipionum.
719 4070 774 4118 dere
785 4071 839 4117 rivo
856 4073 947 4127 marito,
963 4073 1059 4140 perinde
1076 4081 1145 4133 atque
1164 4073 1254 4119 eenole-

187 4140 226 4181 74.
246 4136 320 4182 Hebes
335 4137 430 4190 aditum,
447 4134 504 4196 dic]
527 4134 633 4194 Contigit
649 4134 694 4179 tibi
718 4142 780 4180 mato
798 4143 822 4182 et
843 4142 942 4192 mortuo,
959 4138 1061 4184 dolorem
1083 4131 1211 4184 extremum
1231 4145 1254 4182 et

156 4217 223 4260 seges
236 4200 461 4246 etmateriaaeternae
474 4208 497 4245 et
508 4210 601 4244 sumnia
612 4199 694 4254 laudis,
719 4198 757 4244 cui
768 4199 825 4246 nihil
841 4201 896 4246 addi
915 4209 1006 4262 potest3
1023 4218 1051 4249 ne
1072 4202 1165 4248 videare
1182 4201 1253 4248 vitam

140 4300 142 4304 ,
155 4281 223 4324 qnam
232 4265 330 4310 foeminis
342 4264 449 4323 consequi
462 4265 536 4309 datur.
549 4278 622 4322 neque
634 4263 693 4309 enirn
719 4279 787 4323 reque
797 4281 823 4310 ao
831 4268 928 4311 mortem
937 4267 1024 4326 lugere.

155 4330 298 4374 terminarunt
311 4330 384 4389 gloria
394 4336 430 4375 est
437 4331 476 4387 jus
487 4329 574 4382 dicere,
583 4335 621 4374 aut
632 4343 694 4374 anna
754 4331 793 4376 82.
814 4328 898 4376 Ultima
916 4331 984 4385 ibon,
1000 4329 1058 4391 δια]
1076 4330 1188 4378 Ultimum
1201 4346 1255 4378 con-

153 4395 229 4452 ferre3
247 4395 288 4440 sed
307 4394 364 4440 tides
385 4393 473 4441 maritis
495 4393 608 4460 praestita,
628 4391 694 4439 Tristi
717 4394 803 4456 jugalia
814 4395 1114 4443 ddeiofficiumeetluctua.
