2784 4860
139 389 206 458 ess
270 374 273 381 ’
356 364 375 421 ’·
422 384 475 452 Μ.
520 382 725 453 sunam
769 364 1007 455 Lucum·

141 561 306 628 Pertulit:
329 560 507 626 bacillum
523 578 655 624 summo
672 558 714 624 de
731 560 878 627 culmine
891 580 1005 626 rerum
1061 640 1068 653 Ι
1119 650 1134 663 .

140 674 253 739 Morte
267 674 371 758 petit:
395 670 580 754 cladesque
596 672 727 735 omneis
743 672 859 754 exegit
877 672 913 736 in
926 692 997 737 uno

141 786 244 852 Saeva
260 786 327 863 die,
350 784 475 868 quibus
496 782 663 846 immunes
679 788 730 847 tot
744 782 904 871 praestitit
918 802 1049 849 annos:

140 898 395 982 Pompeiusque
411 898 485 977 fuit,
502 899 560 983 qui
575 919 749 983 nunquam
765 898 868 963 mista
881 896 1014 965 videret

141 1008 239 1073 Laeta
254 1010 372 1073 malis:
397 1010 482 1074 felix
496 1010 591 1074 nullo
611 1012 766 1075 turbante
783 1010 946 1088 Deorum,

141 1119 186 1185 Et
205 1120 299 1184 nullo
321 1126 482 1205 parcente
503 1122 616 1186 miser.
639 1122 745 1185 semel
760 1122 896 1205 impulit
909 1122 1007 1187 illum
1089 1164 1093 1177 ι

143 1232 261 1297 Dilata
277 1232 429 1296 Fortuna
441 1250 555 1296 manu.
571 1232 727 1314 pulsatur
743 1234 866 1310 arenis,

142 1341 302 1426 Carpitur
317 1343 352 1406 in
368 1342 534 1425 scopulis,
548 1342 672 1406 hausto
688 1363 749 1427 per
767 1342 909 1408 vulnera
922 1342 1029 1409 fluctu

141 1453 341 1517 Ludibrium
360 1453 493 1535 pelagi:
516 1452 677 1537 nullaque
699 1442 856 1520 manente
878 1454 997 1539 figura,
1100 1498 1103 1503 -
1189 1459 1258 1526 710

141 1563 221 1628 Una
234 1570 317 1629 nota
331 1570 384 1628 est
398 1563 529 1647 Magno
552 1562 677 1650 capitis
698 1566 835 1651 jactrua
849 1566 987 1633 revulsi.
1251 1568 1256 1577 '

182 1676 272 1741 Ante
288 1681 402 1741 tamen
417 1676 561 1742 Pharias
576 1678 686 1743 victor
701 1698 804 1762 quam
825 1683 944 1761 tangat
966 1698 1102 1745 arenas.

140 1787 308 1872 Pompeio
323 1789 448 1872 raptim
462 1790 628 1854 tumulum
649 1790 800 1855 Fortuna
818 1790 964 1874 paravit,

142 1898 200 1963 Ne
216 1899 335 1983 jaceat
349 1900 454 1979 nullo,
476 1901 589 1965 velue
611 1902 750 1966 meliore
773 1901 943 1985 sepulcro.
1098 1982 1103 1989 1

141 2008 172 2074 E
185 2011 325 2075 latebris
347 2012 494 2095 pavidus
517 2012 665 2077 decurrit
680 2013 724 2077 ad
740 2033 881 2097 aequora
895 2008 1041 2079 Cordus'.
1184 2014 1256 2083 715

143 2121 305 2201 Quaestor
321 2124 364 2186 ab
380 2124 494 2188 Idalio
511 2122 679 2208 Cinyraeae
695 2126 806 2191 littore
823 2124 928 2210 Cypri

141 2234 316 2299 Infaustus
338 2233 456 2316 Magni
478 2235 590 2298 fuerat
604 2255 731 2300 comes.
751 2236 809 2300 ille
824 2256 887 2320 per
900 2236 1038 2301 umbras

141 2345 259 2409 Ausus
274 2349 358 2410 ferre
380 2344 531 2428 gradum,
553 2347 680 2410 victum
702 2348 829 2430 pietate
854 2347 1008 2411 timorem

143 2455 327 2539 Compulit,
344 2462 382 2521 ut
396 2457 517 2520 mediis
539 2458 720 2540 quaesitum
735 2477 861 2540 corpus
877 2459 912 2520 in
927 2458 1029 2522 undis
1078 2489 1083 2495 ·

143 2565 299 2631 Duceret
311 2569 356 2631 ad
375 2574 514 2645 terram,
530 2568 744 2650 traheretque
761 2568 805 2630 ad
821 2568 937 2632 littora
957 2568 1138 2653 Magnum.
1184 2572 1256 2639 722)

143 2678 248 2742 Lucis
262 2685 387 2744 moesta
407 2700 528 2762 parum
543 2699 606 2763 per
621 2679 746 2742 densas
762 2676 909 2761 Cynthia
922 2680 1031 2743 nubes

142 2827 191 2874 701
202 2828 249 2874 illo.
313 2830 362 2876 703
372 2829 422 2875 imo.
488 2831 538 2875 704
549 2829 674 2876 immunem.
749 2830 924 2878 roomlorum.
1001 2831 1133 2879 712010101-
1144 2832 1254 2883 Plrm'es.

336 2896 385 2941 714
400 2909 451 2938 non.
613 2897 662 2944 715
680 2893 773 2941 Codrus.
935 2899 984 2944 ⁷16
1000 2893 1083 2942 Icum.

192 2957 241 3003 ⁷16
253 2957 368 3019 Cyrmrae,
382 2956 497 3018 Cureuuae,
510 2957 616 3020 Cyrinaei,
635 2958 745 3021 Cyuerai,
758 2959 852 3015 Cicerei,
873 2958 986 3022 Cyreneae,
1004 2959 1096 3023 Cyreni,
1113 2960 1206 3015 cem

337 3025 386 3071 716
397 3020 474 3068 Ponti.
621 3024 668 3069 717
683 3022 791 3088 quausti.
953 3028 1002 3074 700
1013 3026 1038 3071 in
1048 3024 1083 3073 tit.

143 3141 213 3196 prout
221 3136 272 3196 ipsa
279 3136 339 3184 levis
348 3139 399 3184 Deo
407 3143 451 3189 est,
459 3151 510 3196 quse
517 3150 580 3182 more
588 3135 682 3197 Seorpii
706 3144 732 3183 te
751 3142 868 3197 amputato
887 3141 992 3183 truncum
1012 3137 1098 3183 nudum
1116 3138 1150 3185 ex*
1166 3140 1255 3203 oynh

144 3201 682 3249 esudaserit.tantumtniltouiroasediscor-
707 3203 868 3261 projecerunt:
896 3216 965 3262 quem
993 3201 1120 3265 Philippus
1149 3202 1255 3253 libertus

143 3265 212 3312 doute
218 3265 326 3323 lurtum,
334 3266 632 3322 oteuirnodoadeictorium,
638 3274 682 3311 ter·
708 3266 823 3325 Pompeii,
835 3264 909 3326 quiin
926 3266 1032 3327 cymbam
1046 3280 1092 3313 uns
1111 3282 1166 3315 eum
1179 3268 1254 3319 Po..

141 3345 170 3377 ra
181 3330 294 3394 (testreet,
306 3332 386 3379 deesset
394 3331 425 3377 ad
432 3330 578 3390 sepulturum.
592 3332 681 3378 Petere.
706 3332 760 3391 pelo
778 3331 897 3391 ingressus
915 3331 998 3387 sumt,
1016 3330 1198 3381 discedentibus
1212 3334 1253 3393 ils,

176 3398 232 3442 702.
251 3395 372 3458 Pertulit]
389 3395 426 3443 Ad
438 3394 527 3441 exitum
538 3395 643 3441 deduxit.
707 3395 748 3456 qui
769 3402 866 3456 repectu
893 3396 1062 3452 saturabuntur,
1083 3410 1145 3455 sque
1160 3400 1253 3449 main

175 3462 232 3508 703.
250 3459 329 3524 Rugii
340 3463 365 3507 in
375 3476 428 3515 uno,
447 3459 503 3523 δια]
521 3461 607 3506 Omnes
621 3459 682 3506 osle-
708 3459 790 3516 abluit,
802 3474 844 3506 sua
854 3459 932 3505 tunice
942 3459 1041 3507 involvit
1057 3466 1082 3507 et
1091 3476 1154 3522 rogo
1163 3478 1180 3511 ο
1189 3464 1252 3529 flig-

143 3526 235 3572 mitetee
246 3527 345 3581 stmulo,
357 3542 408 3586 quae
420 3525 515 3572 antehac
531 3524 614 3570 luisset
628 3540 682 3585 pes·
707 3524 792 3571 mentis
804 3523 917 3571 nuvioulae
929 3524 1061 3584 piscatoria
1077 3532 1192 3575 extructo
1207 3530 1251 3579 ln-

144 3590 325 3647 surus‚immisit
336 3607 382 3637 uno
394 3591 490 3638 hoodie.
508 3588 589 3649 Sulpit.
599 3588 627 3635 ln
636 3605 683 3635 uno
707 3590 808 3652 positum
825 3589 945 3645 cremavit,
960 3605 975 3636 s
987 3604 1042 3637 seue
1059 3590 1161 3652 quodum
1169 3592 1251 3643 -Ιω,

144 3653 201 3716 dre]
219 3655 259 3702 Fr.
276 3656 396 3702 Modiuse
413 3656 429 3703 l.
441 3655 565 3702 Weidneri
582 3654 640 3714 legit
657 3655 682 3700 iu
708 3656 807 3713 adjutus.

143 3721 193 3765 terro.
205 3736 232 3766 ea
243 3728 327 3776 mente,
339 3737 384 3780 que
394 3736 463 3781 supra
475 3735 509 3766 vs.
523 3722 561 3768 29.
575 3719 623 3764 Sed
632 3718 682 3780 ple·
740 3724 797 3769 715.
816 3717 957 3781 Elatium]
973 3718 1022 3766 Ubi
1039 3720 1148 3777 letum,
1163 3722 1252 3771 utter-

144 3791 183 3832 eet
192 3786 216 3830 in
225 3801 286 3830 urm:
302 3790 329 3831 nt
345 3792 474 3846 opponetur
490 3785 541 3831 dies
554 3799 613 3830 uirus
624 3783 682 3828 inse·
708 3785 749 3830 tim
768 3785 906 3844 Pompeium
923 3783 1039 3845 sepeliret
1055 3784 1175 3847 Sulpitisss.
1196 3786 1251 3837 Ceri·

143 3848 178 3895 lix
190 3850 300 3897 totenais
316 3850 425 3896 felicibus
434 3866 441 3909 3
458 3856 482 3896 et
498 3856 594 3911 propter
610 3848 682 3904 semel,
709 3849 770 3911 dus]
789 3848 898 3906 Quaestor
907 3848 1024 3909 Pompeii,
1034 3856 1062 3897 ut
1069 3848 1213 3911 vnltpoete.

144 3914 207 3976 quod
217 3929 265 3974 seq.
277 3930 339 3960 vers.
350 3917 407 3960 707.
741 3917 798 3964 716.
816 3911 909 3974 Idalio]
927 3914 1016 3971 ldnlnr,
1032 3914 1192 3977 mors'C'ypri.
1203 3918 1252 3967 Vs·

176 3981 233 4027 705.
251 3978 315 4035 Fuit,
327 3977 382 4043 ua]
399 3981 468 4028 Unus
485 3978 616 4025 mortalium
631 3977 682 4032 tuit,
709 3978 759 4024 neri
770 3994 843 4025 sacer.
855 3978 1016 4089 Girumu?
1026 3984 1084 4043 rsg'e
1090 3978 1250 4041 Cinymffi·

144 4043 249 4106 quidue.
709 4042 760 4089 duri
771 4044 838 4090 Nem.
851 4044 895 4089 ode
907 4046 930 4089 0.
942 4051 967 4090 et
999 4044 1168 4104 ytlrlorodess.

176 4113 233 4157 ⁷11.
254 4107 305 4156 Uno
316 4115 411 4155 rwtaest
423 4106 528 4172 Magno]
546 4106 683 4154 lloceolum
742 4110 797 4156 717.
816 4106 933 4172 Infaustus
953 4107 1037 4171 Magni
1049 4107 1137 4173 suerat
1157 4110 1250 4183 ones]

144 4175 295 4238 sguowitur;
311 4175 374 4233 quod
385 4173 461 4233 capite
473 4180 544 4219 caret.
709 4175 755 4220 ltlr.
768 4176 794 4220 P.
813 4170 1013 4237 Irffaustusfugae,
1031 4174 1093 4221 unde
1102 4174 1209 4225 urium
1220 4176 1249 4223 lt.

177 4244 233 4288 712.
253 4238 372 4303 Pharius.)
388 4237 521 4300 Aigyptius,
532 4253 545 4283 a
555 4236 631 4283 Pharo
640 4236 683 4282 ins.
709 4245 773 4285 cest:
786 4236 1180 4303 lrrfoustusquesirgoefuemtm
1189 4240 1250 4291 un·

148 4305 245 4369 Victor]
263 4305 351 4351 Caessr.
710 4303 764 4349 tius.
783 4301 829 4349 Per
836 4300 946 4364 umbras]
961 4303 1048 4351 Noetu.
1068 4292 1074 4311 '

176 4372 233 4417 713.
253 4368 358 4430 Pompeio
371 4368 463 4429 ruptim,
481 4364 541 4428 dio]
556 4367 616 4412 unm
628 4366 685 4413 Plu·
743 4371 799 4415 ⁷21.
817 4365 887 4414 [own
895 4374 980 4425 msto,
994 4366 1053 4431 dte]
1071 4366 1104 4417 Et
1117 4366 1210 4431 M
1219 4370 1249 4425 ἡ

144 4434 350 4483 menusanum
361 4435 456 4482 modum
467 4432 555 4481 refert:
571 4431 685 4492 lllicspi-
709 4432 970 4495 ‚maminotum
978 4432 1072 4483 “ubl
1125 4476 1129 4481 .
1211 4432 1214 4437 '
