2784 4860
350 339 793 418 CIVlLIS-BELLI
834 341 1070 433 -L113.·-V11.
1196 363 1267 432 829

161 524 259 590 Mors
270 524 326 589 hie
342 525 452 608 gentis
467 530 560 605 erat,
584 526 723 608 sanguis
737 522 787 591 ibi
802 527 902 595 fluxit
915 526 1098 612 Achaeus,
1124 612 1132 624 „
1199 535 1267 601 636
1284 505 1288 511 ’

159 636 339 713 Ponticus,
355 633 539 718 Assyrius:
564 638 707 701 cunctos
721 637 851 703 haerere
865 656 1004 707 cruores
1252 645 1255 649 ’

159 745 351 823 Romanus,
368 747 568 830 campisque
589 749 683 813 uetat
696 749 1058 818 consisteremus:

158 855 277 942 Majus
294 858 337 922 ab
352 856 418 922 hae
434 859 637 941 acie,>quam
652 859 745 942 quod
761 865 825 924 su'a
840 860 959 925 secula
977 862 1111 941 ferrent,

156 969 293 1034 Vulnus
307 969 434 1034 habent
452 972 591 1053 populi:
609 972 694 1054 -plus
708 975 762 1034 est
773 990 878 1054 quam
891 971 974 1048 vita,
990 973 1164 1058 salusque,

157 1079 262 1158 Quod
278 1080 382 1162 perit:
406 1081 442 1143 in
456 1084 564 1144 totum
582 1081 703 1145 mundi
716 1082 1097 1165 prosternimuraevum,
1195 1086 1262 1154 646
1307 1115 1308 1119 ’

155 1190 314 1255 Vincitur
328 1191 382 1254 his
404 1192 527 1272 gladiis
551 1193 672 1270 omnis,
689 1212 767 1276 quae
783 1193 918 1270 serviet,
934 1197 1031 1259 setas.
1070 1232 1081 1259 Α.
1110 1200 1121 1275 ᾗ
1256 1200 1279 1213 ’“

157 1302 323 1367 Proxima
336 1303 418 1384 quid
434 1304 593 1381 soboles,¹
607 1309 666 1369 aut
685 1303 768 1387 quid
782 1321 933 1368 meruere
948 1311 1092 1388 nepotes

154 1413 197 1477 In
210 1433 350 1494 regnum
366 1415 487 1478 nascit
510 1415 635 1497 pavide
650 1433 732 1479 num
747 1413 913 1495 gessimus
935 1417 1052 1480 mmai

152 1523 319 1588 Teximus
335 1529 394 1589 aut
403 1525 568 1609 jugulos?
592 1525 695 1590 alieni
710 1545 815 1608 poena
829 1526 977 1591 timoris,
1038 1584 1041 1588 ⁴
1277 1608 1280 1612 ι

152 1634 196 1698 ln
210 1641 327 1700 nostra
343 1636 475 1700 cervice
492 1637 598 1701 sedet.
614 1642 695 1721 post
708 1637 833 1720 proelia
846 1637 937 1701 natis
1190 1640 1257 1706 646

151 1745 191 1810 Si
205 1746 379 1810 dominum
402 1746 553 1811 Fortuna
568 1749 688 1824 dabas,
711 1752 745 1811 et
758 1748 850 1813 bella
870 1748 1037 1814 dedisses.

194 1856 219 1920 J
221 1876 276 1921 am
291 1857 440 1938 Magnus
453 1859 617 1922 transisse
630 1859 738 1936 Deos,
754 1857 981 1942 Romanaque
995 1858 1068 1924 sata

151 1967 312 2031 Senserat
326 1967 467 2031 infelix:
490 1973 564 2033 tota
577 1969 638 2032 vix
653 1969 752 2032 clade
766 1974 909 2032 coaetus

152 2078 337 2142 Fortunam
353 2079 514 2143 damnare
530 2098 639 2143 suam.
651 2079 744 2143 stetit
755 2097 877 2161 aggere
893 2081 1008 2163 campi

149 2189 304 2266 EminuS,
320 2189 409 2252 unde
426 2190 557 2254 omneis
572 2208 712 2272 sparsas
726 2209 787 2273 per
801 2189 970 2255 Thessala
983 2194 1074 2255 'rura‘
1187 2193 1254 2258 660
1281 2173 1284 2179 ’

148 2299 332 2383 Aspioeret
353 2301 482 2377 clades,
498 2308 576 2383 quae
592 2300 683 2364 bello
699 2301 856 2365 obstante
871 2301 1034 2367 latebant
1193 2304 1196 2309 ’

145 2410 216 2474 Tot
228 2411 305 2474 telis
322 2431 385 2475 sua
400 2411 472 2475 fata
485 2413 568 2494 peti,
584 2416 635 2474 tot
649 2430 796 2493 corpora
808 2409 909 2488 fusa,‘·

144 2518 201 2585 Ae
216 2541 252 2585 se
274 2527 344 2585 tam
358 2521 465 2585 multo
480 2526 677 2603 pereuntem
693 2522 855 2602 sanguine
877 2521 974 2586 vidit

146 2631 236 2710 Nec,
258 2634 347 2698 sieut
361 2653 437 2697 mos
452 2638 504 2698 est
518 2633 663 2709 miseriS,
679 2631 808 2696 trahere
832 2633 947 2696 omnia
959 2651 1077 2696 secum

145 2796 195 2844 635
205 2794 296 2855 sanguis
307 2793 354 2848 ubi,
364 2793 394 2839 ibi
404 2795 503 2855 sanguis,
519 2792 610 2854 sanguis
619 2791 667 2838 tibi.
734 2793 781 2837 640
791 2798 834 2837 toto
845 2806 874 2837 m.
885 2806 908 2850 p.
918 2786 969 2837 aeuo.
979 2799 1050 2838 totum
1060 2807 1090 2837 m.
1097 2792 1249 2852 prosternitur·

211 2873 289 2905 arvum.
355 2861 402 2907 641
418 2856 537 2904 Vineimus.
609 2859 655 2904 641
667 2856 755 2902 maiar.
832 2857 880 2902 643
889 2870 964 2919 regno.
1040 2857 1089 2904 646
1097 2857 1183 2918 pavidi.

308 2924 356 2969 643
367 2939 418 2969 noa.
527 2923 574 2972 647
587 2921 685 2968 samse.
793 2921 841 2966 648
853 2927 917 2966 tanto
927 2921 972 2974 vix,
984 2920 1021 2967 uis
1030 2927 1083 2968 totu.
1218 2928 1221 2932 ’

178 3052 233 3100 635.
251 3047 580 3114 Sanguisibiflusitrlchaeus.]
598 3047 635 3094 Ibi
644 3063 684 3094 na·
709 3046 783 3094 vitute
794 3047 963 3095 eximeremus?

141 3115 215 3163 tionis
226 3115 325 3175 alicujus
333 3115 401 3161 unius
411 3114 504 3174 sanguis
515 3115 580 3160 fusus
592 3120 635 3169 est,
645 3113 683 3159 hie
740 3114 796 3161 644.
814 3110 890 3158 Alieni
897 3127 964 3172 pano
971 3109 1076 3173 timoris]
1093 3111 1144 3159 Nos
1153 3125 1246 3173 poerrsm

143 3180 266 3228 multarum
283 3181 427 3240 promiscue:
447 3179 620 3226 Romaniautem
632 3193 683 3240 per·
707 3175 788 3222 darnus
813 3175 902 3224 timoris
927 3184 1086 3239 posterorum:
1102 3176 1208 3236 proinde,
1230 3191 1244 3224 ο

143 3243 209 3293 misti
222 3244 385 3305 oopiafeeitut
395 3246 467 3290 instar
476 3244 585 3290 torrentis
593 3244 681 3289 flueret.
707 3241 817 3297 Fortuna,
835 3256 887 3288 eum
902 3242 994 3289 dederis
1012 3239 1113 3301 posteris
1130 3240 1245 3300 dominos,
1342 3246 1346 3259 “

177 3312 233 3358 666.
252 3308 682 3372 Cunctostaererecmorer.]1ngenrem
706 3304 791 3365 quibus
809 3305 918 3361 servient,
935 3308 980 3353 hoo
994 3312 1037 3360 est,
1049 3305 1244 3367 Caesareset'l'y-
1290 3319 1297 3323 ·

144 3375 395 3421 Romanorumeaedem
404 3375 526 3420 eoindieat
535 3380 681 3434 argument03
705 3384 807 3427 rannos3
824 3371 905 3417 eedem
918 3371 957 3417 vis
972 3377 997 3418 et
1014 3369 1099 3416 bellum
1115 3376 1140 3416 et
1154 3383 1244 3430 pugnas
1327 3376 1330 3380 “

143 3441 206 3501 quod
228 3440 353 3486 haerentem
377 3439 511 3500 sanguinem
532 3438 680 3486 barbarorum
704 3433 953 3496 illisipsisdedisses;
970 3433 1244 3493 nousutemnobismt
1332 3450 1335 3455 ¹

142 3521 211 3553 eruor
222 3503 263 3550 ille
270 3503 395 3562 impulerit
408 3503 524 3565 Sulpitius.
705 3507 768 3547 certe
779 3500 890 3560 utrisque.
910 3499 1053 3547 Horremus.

176 3572 232 3620 637.
252 3569 364 3633 Terens]
382 3569 457 3630 Copia
476 3567 573 3615 Romani
590 3565 679 3612 erueris
738 3565 793 3613 645.
812 3563 952 3624 Proprietiu
966 3562 1047 3625 tutta]
1063 3561 1089 3609 Si
1102 3559 1174 3610 vellet
1184 3560 1243 3611 For-

142 3635 242 3682 lluentis.
260 3633 342 3694 Sulpit.
704 3634 760 3676 tuns
769 3628 871 3691 posteris
886 3628 1015 3676 libertatem
1026 3627 1135 3684 sdimere,
1143 3640 1186 3691 per
1192 3634 1243 3676 ens

174 3702 230 3748 638.
250 3698 389 3760 Quamqnod
399 3693 636 3760 snaseeulaferrent]
647 3696 678 3741 ll·
703 3700 730 3740 ut
740 3699 764 3740 et
773 3693 860 3741 bellum
867 3693 897 3740 iis
908 3693 981 3750 deret,
992 3707 1038 3755 qno
1048 3691 1096 3754 ipsi
1105 3705 1184 3755 prose
1200 3692 1243 3742 ‹le-

139 3766 163 3812 16
174 3772 280 3826 tempora
288 3764 454 3825 patipossent:
471 3777 522 3807 uam
531 3767 597 3807 antea
605 3761 678 3806 Puni·
704 3764 825 3806 certarent.
1175 3808 1178 3813 ι
1249 3764 1252 3771 ·
1322 3811 1325 3815 ,

140 3830 184 3886 eis,
204 3826 274 3875 modo‘
296 3827 396 3890 Syllanis
416 3834 440 3873 et
459 3824 571 3872 Marianis
590 3826 678 3885 preliis
736 3825 792 3872 647.
811 3820 921 3869 Transisse
928 3819 1067 3884 Damas„
1078 3819 1240 3871 adm.

141 3902 207 3942 erant
218 3893 304 3940 attrita.
321 3892 402 3952 sulpit.
703 3884 775 3933 an
800 3887 873 3933 mnata
899 3884 991 3948 Jupiter
1012 3885 1082 3953 Argo
1106 3882 1239 3934 Transeat.

173 3960 229 4010 639.
248 3957 305 4004 Plus
323 3966 355 4004 est
372 3972 437 4019 quem
450 3955 516 4018 nito]
542 3953 607 4000 Perit
627 3953 676 4000 seil.
702 3952 768 4015 Virg.
781 3951 905 3999 amesia
1149 3950 1153 3958 '

139 4024 235 4071 libertus
246 4037 300 4083 pop.
311 4021 380 4068 Rom.
392 4036 465 4082 eaque
476 4019 575 4083 posteris
589 4018 613 4064 iu
624 4033 678 4082 perv
735 4019 791 4066 646.
810 4014 866 4062 Tota
883 4016 920 4063 vis
939 4015 1012 4072 alode,
1036 4013 1094 4080 &o.]
1128 4013 1254 4064 Nonum·
1326 4028 1331 4036 ·

140 4099 236 4150 petrum
247 4087 375 4133 interitura.
702 4088 796 4129 enectus
807 4087 857 4128 tots
865 4080 931 4128 elude
946 4088 1042 4143 seeepta
1053 4078 1161 4127 ineam
1174 4086 1240 4128 nm

172 4157 229 4202 643.
247 4149 276 4197 In
290 4167 386 4214 regnum
397 4148 479 4211 nosci]
495 4149 523 4195 In
540 4145 676 4194 servitutem
701 4146 822 4193 sonoram.

138 4218 184 4266 snb
195 4219 269 4279 Impp.
289 4215 374 4262 Pavide
394 4230 449 4261 aum
463 4214 569 4276 gessimus
582 4210 674 4273 αηηαῖ]
734 4214 790 4262 651.
809 4210 865 4265 Quo
876 4205 1239 4271 666666666616666666Νω
1252 4214 1256 4221 ’

139 4283 251 4343 Nunquid
264 4296 306 4328 nos
317 4280 398 4327 timide
406 4279 536 4326 libertatem
544 4290 676 4338 propugne-
700 4290 744 4335 per
753 4275 877 4324 tumultum
894 4280 919 4321 et
934 4288 1071 4321 eoncessum
1087 4271 1251 4335 pugnantium.

135 4346 232 4396 'vimus?
248 4347 330 4394 Annon
337 4345 444 4408 jugulum
451 4349 554 4390 nostrum
565 4348 590 4388 et
600 4339 674 4387 oervi-
700 4340 766 4402 prius
778 4353 872 4390 seruere
881 4354 928 4387 non
936 4338 1009 4386 licuit.
1244 4342 1256 4351 ·“

138 4427 189 4461 een
202 4410 285 4475 gladiis
291 4410 450 4474 opposuimus,
459 4421 505 4470 quo
512 4413 620 4470 posteros
626 4419 675 4452 ser-
732 4407 789 4456 ⁶54.
801 4403 1010 4463 Neeflintlmomt
1020 4394 1237 4468 66166ώᾶ61666·

609 4484 674 4537 Ull
