<?xml version="1.0" encoding="UTF-8"?>
<!DOCTYPE html PUBLIC "-//W3C//DTD XHTML 1.0 Transitional//EN"
    "http://www.w3.org/TR/xhtml1/DTD/xhtml1-transitional.dtd">
<html xmlns="http://www.w3.org/1999/xhtml" xml:lang="en" lang="en">
 <head>
  <title>
</title>
<meta http-equiv="Content-Type" content="text/html;charset=utf-8" />
  <meta name='ocr-system' content='tesseract 3.04.00' />
  <meta name='ocr-capabilities' content='ocr_page ocr_carea ocr_par ocr_line ocrx_word'/>
</head>
<body>
  <div class='ocr_page' id='page_1' title='image "./mannaeuslucanus00grotgoog/mannaeuslucanus00grotgoog_0258.png"; bbox 0 0 2784 4860; ppageno 0'>
   <div class='ocr_carea' id='block_1_1' title="bbox 344 353 1244 445">
    <p class='ocr_par' dir='ltr' id='par_1_1' title="bbox 344 353 1244 445">
     <span class='ocr_line' id='line_1_1' title="bbox 344 353 1244 445; baseline 0.01 -9"><span class='ocrx_word' id='word_1_1' title='bbox 344 353 566 436; x_wconf 73' lang='lat' dir='ltr'>ulvius</span> <span class='ocrx_word' id='word_1_2' title='bbox 596 363 790 439; x_wconf 43' lang='lat' dir='ltr'>,auant</span> <span class='ocrx_word' id='word_1_3' title='bbox 834 365 948 438; x_wconf 80' lang='lat' dir='ltr'>ma.</span> <span class='ocrx_word' id='word_1_4' title='bbox 983 367 1029 434; x_wconf 88' lang='lat' dir='ltr'>V.</span> <span class='ocrx_word' id='word_1_5' title='bbox 1175 365 1244 445; x_wconf 62' lang='lat'>237</span> 
     </span>
    </p>
   </div>
   <div class='ocr_carea' id='block_1_2' title="bbox 137 543 1247 2286">
    <p class='ocr_par' dir='ltr' id='par_1_2' title="bbox 141 543 964 626">
     <span class='ocr_line' id='line_1_2' title="bbox 141 543 964 626; baseline -0.004 -14"><span class='ocrx_word' id='word_1_6' title='bbox 141 543 223 612; x_wconf 91' lang='lat' dir='ltr'>Non</span> <span class='ocrx_word' id='word_1_7' title='bbox 237 549 310 610; x_wconf 90' lang='lat' dir='ltr'>tota</span> <span class='ocrx_word' id='word_1_8' title='bbox 324 544 462 611; x_wconf 90' lang='lat' dir='ltr'>temole</span> <span class='ocrx_word' id='word_1_9' title='bbox 476 547 618 626; x_wconf 88' lang='lat' dir='ltr'>premat.</span> <span class='ocrx_word' id='word_1_10' title='bbox 634 545 664 607; x_wconf 87' lang='lat' dir='ltr'>si</span> <span class='ocrx_word' id='word_1_11' title='bbox 676 545 817 608; x_wconf 87' lang='lat' dir='ltr'>numina</span> <span class='ocrx_word' id='word_1_12' title='bbox 830 550 964 609; x_wconf 86' lang='lat' dir='ltr'>nostras</span> 
     </span>
    </p>

    <p class='ocr_par' dir='ltr' id='par_1_3' title="bbox 141 652 1010 740">
     <span class='ocr_line' id='line_1_3' title="bbox 141 652 1010 740; baseline -0.001 -20"><span class='ocrx_word' id='word_1_13' title='bbox 141 652 344 740; x_wconf 77' lang='lat' dir='ltr'>Impulerint</span> <span class='ocrx_word' id='word_1_14' title='bbox 360 655 465 730; x_wconf 82' lang='lat' dir='ltr'>acies,</span> <span class='ocrx_word' id='word_1_15' title='bbox 481 659 617 720; x_wconf 89' lang='lat' dir='ltr'>maneat</span> <span class='ocrx_word' id='word_1_16' title='bbox 630 673 711 736; x_wconf 86' lang='lat' dir='ltr'>pars</span> <span class='ocrx_word' id='word_1_17' title='bbox 727 655 856 736; x_wconf 84' lang='lat' dir='ltr'>optima</span> <span class='ocrx_word' id='word_1_18' title='bbox 871 655 1010 737; x_wconf 56' lang='lat' dir='ltr'>Magni}</span> 
     </span>
    </p>

    <p class='ocr_par' dir='ltr' id='par_1_4' title="bbox 140 764 1113 852">
     <span class='ocr_line' id='line_1_4' title="bbox 140 764 1113 852; baseline -0.001 -22"><span class='ocrx_word' id='word_1_19' title='bbox 140 766 261 849; x_wconf 85' lang='lat' dir='ltr'><strong>Sitque</strong></span> <span class='ocrx_word' id='word_1_20' title='bbox 274 765 368 841; x_wconf 86' lang='lat' dir='ltr'>mihi,</span> <span class='ocrx_word' id='word_1_21' title='bbox 390 765 421 828; x_wconf 88' lang='lat' dir='ltr'>si</span> <span class='ocrx_word' id='word_1_22' title='bbox 433 764 505 828; x_wconf 85' lang='lat' dir='ltr'>fata</span> <span class='ocrx_word' id='word_1_23' title='bbox 518 767 683 847; x_wconf 78' lang='lat' dir='ltr'><strong>premant,</strong></span> <span class='ocrx_word' id='word_1_24' title='bbox 698 764 874 847; x_wconf 85' lang='lat' dir='ltr'>victorque</span> <span class='ocrx_word' id='word_1_25' title='bbox 889 771 1059 842; x_wconf 76' lang='lat' dir='ltr'>cruentae,</span> <span class='ocrx_word' id='word_1_26' title='bbox 1110 848 1113 852; x_wconf 82' lang='lat'>.</span> 
     </span>
    </p>

    <p class='ocr_par' dir='ltr' id='par_1_5' title="bbox 141 873 1052 958">
     <span class='ocr_line' id='line_1_5' title="bbox 141 873 1052 958; baseline -0.001 -18"><span class='ocrx_word' id='word_1_27' title='bbox 141 876 221 955; x_wconf 81' lang='lat' dir='ltr'>Quo</span> <span class='ocrx_word' id='word_1_28' title='bbox 236 876 366 958; x_wconf 83' lang='lat' dir='ltr'>fugisse</span> <span class='ocrx_word' id='word_1_29' title='bbox 382 875 495 939; x_wconf 81' lang='lat' dir='ltr'>velim.</span> <span class='ocrx_word' id='word_1_30' title='bbox 522 873 596 941; x_wconf 88' lang='lat' dir='ltr'>Vix</span> <span class='ocrx_word' id='word_1_31' title='bbox 609 879 739 938; x_wconf 90' lang='lat' dir='ltr'>tantum</span> <span class='ocrx_word' id='word_1_32' title='bbox 754 875 885 939; x_wconf 91' lang='lat' dir='ltr'>infirma</span> <span class='ocrx_word' id='word_1_33' title='bbox 900 875 1052 940; x_wconf 89' lang='lat' dir='ltr'>dolorem</span> 
     </span>
    </p>

    <p class='ocr_par' dir='ltr' id='par_1_6' title="bbox 139 985 1247 1180">
     <span class='ocr_line' id='line_1_6' title="bbox 140 985 1247 1070; baseline 0.003 -20"><span class='ocrx_word' id='word_1_34' title='bbox 140 986 252 1070; x_wconf 87' lang='lat' dir='ltr'>Cepit,</span> <span class='ocrx_word' id='word_1_35' title='bbox 270 987 463 1050; x_wconf 80' lang='lat' dir='ltr'>et&#39;attonito</span> <span class='ocrx_word' id='word_1_36' title='bbox 479 989 654 1048; x_wconf 85' lang='lat' dir='ltr'>cessenmt</span> <span class='ocrx_word' id='word_1_37' title='bbox 667 991 806 1066; x_wconf 82' lang='lat' dir='ltr'>pectore</span> <span class='ocrx_word' id='word_1_38' title='bbox 821 1006 953 1050; x_wconf 78' lang='lat' dir='ltr'>sensus</span> <span class='ocrx_word' id='word_1_39' title='bbox 1133 1049 1136 1067; x_wconf 30' lang='grc' dir='ltr'>ἰ</span> <span class='ocrx_word' id='word_1_40' title='bbox 1177 985 1247 1053; x_wconf 85' lang='grc'>760</span> 
     </span>
     <span class='ocr_line' id='line_1_7' title="bbox 139 1096 1090 1180; baseline 0.001 -20"><span class='ocrx_word' id='word_1_41' title='bbox 139 1096 295 1161; x_wconf 81' lang='lat' dir='ltr'>Tandem</span> <span class='ocrx_word' id='word_1_42' title='bbox 310 1101 348 1160; x_wconf 92' lang='lat' dir='ltr'>ut</span> <span class='ocrx_word' id='word_1_43' title='bbox 362 1115 433 1159; x_wconf 85' lang='lat' dir='ltr'>vox</span> <span class='ocrx_word' id='word_1_44' title='bbox 448 1100 591 1159; x_wconf 85' lang='lat' dir='ltr'>moestas</span> <span class='ocrx_word' id='word_1_45' title='bbox 605 1097 718 1176; x_wconf 88' lang='lat' dir='ltr'>potuit</span> <span class='ocrx_word' id='word_1_46' title='bbox 729 1097 878 1180; x_wconf 88' lang='lat' dir='ltr'>proferre</span> <span class='ocrx_word' id='word_1_47' title='bbox 894 1099 1070 1180; x_wconf 80' lang='lat' dir='ltr'>querelasr</span> <span class='ocrx_word' id='word_1_48' title='bbox 1089 1156 1090 1161; x_wconf 75' lang='grc'>,</span> 
     </span>
    </p>

    <p class='ocr_par' dir='ltr' id='par_1_7' title="bbox 139 1204 1229 1511">
     <span class='ocr_line' id='line_1_8' title="bbox 140 1204 1145 1289; baseline 0.004 -20"><span class='ocrx_word' id='word_1_49' title='bbox 140 1205 203 1269; x_wconf 89' lang='lat' dir='ltr'>Nil</span> <span class='ocrx_word' id='word_1_50' title='bbox 217 1206 300 1270; x_wconf 93' lang='lat' dir='ltr'>mihi</span> <span class='ocrx_word' id='word_1_51' title='bbox 315 1206 358 1269; x_wconf 90' lang='lat' dir='ltr'>de</span> <span class='ocrx_word' id='word_1_52' title='bbox 374 1206 454 1270; x_wconf 88' lang='lat' dir='ltr'>fatis</span> <span class='ocrx_word' id='word_1_53' title='bbox 470 1205 622 1282; x_wconf 83' lang='lat' dir='ltr'>thalami,</span> <span class='ocrx_word' id='word_1_54' title='bbox 640 1204 847 1289; x_wconf 88' lang='lat' dir='ltr'>Superisque</span> <span class='ocrx_word' id='word_1_55' title='bbox 861 1209 1016 1273; x_wconf 88' lang='lat' dir='ltr'>relictum</span> <span class='ocrx_word' id='word_1_56' title='bbox 1026 1213 1085 1273; x_wconf 84' lang='lat' dir='ltr'>est</span> <span class='ocrx_word' id='word_1_57' title='bbox 1140 1218 1145 1228; x_wconf 86' lang='grc'><em>“</em></span> 
     </span>
     <span class='ocr_line' id='line_1_9' title="bbox 141 1315 1229 1407; baseline 0.003 -27"><span class='ocrx_word' id='word_1_58' title='bbox 141 1315 280 1398; x_wconf 82' lang='lat' dir='ltr'>Magne,</span> <span class='ocrx_word' id='word_1_59' title='bbox 297 1317 393 1399; x_wconf 88' lang='lat' dir='ltr'>queri</span> <span class='ocrx_word' id='word_1_60' title='bbox 407 1336 418 1390; x_wconf 65' lang='grc' dir='ltr'>ε,</span> <span class='ocrx_word' id='word_1_61' title='bbox 437 1320 575 1379; x_wconf 90' lang='lat' dir='ltr'>nostros</span> <span class='ocrx_word' id='word_1_62' title='bbox 588 1335 658 1380; x_wconf 92' lang='lat' dir='ltr'>non</span> <span class='ocrx_word' id='word_1_63' title='bbox 671 1318 798 1400; x_wconf 87' lang='lat' dir='ltr'>rumpit</span> <span class='ocrx_word' id='word_1_64' title='bbox 811 1318 912 1383; x_wconf 84' lang='lat' dir='ltr'>funus</span> <span class='ocrx_word' id='word_1_65' title='bbox 928 1338 1073 1397; x_wconf 82' lang='lat' dir='ltr'>amores,</span> <span class='ocrx_word' id='word_1_66' title='bbox 1132 1347 1133 1351; x_wconf 42' lang='lat'>¹</span> <span class='ocrx_word' id='word_1_67' title='bbox 1154 1348 1173 1380; x_wconf 48' lang='grc' dir='ltr'><strong>α</strong></span> <span class='ocrx_word' id='word_1_68' title='bbox 1227 1403 1229 1407; x_wconf 11' lang='lat' dir='ltr'>y</span> 
     </span>
     <span class='ocr_line' id='line_1_10' title="bbox 139 1425 1008 1511; baseline 0 -21"><span class='ocrx_word' id='word_1_69' title='bbox 139 1425 216 1492; x_wconf 88' lang='lat' dir='ltr'>Nec</span> <span class='ocrx_word' id='word_1_70' title='bbox 232 1429 295 1490; x_wconf 91' lang='lat' dir='ltr'>diri</span> <span class='ocrx_word' id='word_1_71' title='bbox 310 1429 371 1491; x_wconf 86' lang='lat' dir='ltr'>fax</span> <span class='ocrx_word' id='word_1_72' title='bbox 386 1446 520 1496; x_wconf 88' lang='lat' dir='ltr'>summa</span> <span class='ocrx_word' id='word_1_73' title='bbox 534 1429 627 1509; x_wconf 83' lang='lat' dir='ltr'>rogi:</span> <span class='ocrx_word' id='word_1_74' title='bbox 651 1428 712 1491; x_wconf 90' lang='lat' dir='ltr'>sed</span> <span class='ocrx_word' id='word_1_75' title='bbox 727 1434 816 1492; x_wconf 86' lang='lat' dir='ltr'>s&#39;orte</span> <span class='ocrx_word' id='word_1_76' title='bbox 830 1428 1008 1511; x_wconf 86' lang='lat' dir='ltr'>frequenti,</span> 
     </span>
    </p>

    <p class='ocr_par' dir='ltr' id='par_1_8' title="bbox 138 1537 1244 1734">
     <span class='ocr_line' id='line_1_11' title="bbox 139 1537 1244 1622; baseline 0.003 -21"><span class='ocrx_word' id='word_1_77' title='bbox 139 1537 350 1622; x_wconf 87' lang='lat' dir='ltr'>Plebeiaque</span> <span class='ocrx_word' id='word_1_78' title='bbox 364 1540 466 1603; x_wconf 89' lang='lat' dir='ltr'>nimis</span> <span class='ocrx_word' id='word_1_79' title='bbox 483 1559 584 1604; x_wconf 87' lang='lat' dir='ltr'>careo</span> <span class='ocrx_word' id='word_1_80' title='bbox 601 1539 743 1603; x_wconf 89' lang='lat' dir='ltr'>dimissa</span> <span class='ocrx_word' id='word_1_81' title='bbox 756 1540 890 1602; x_wconf 89' lang='lat' dir='ltr'>marito.</span> <span class='ocrx_word' id='word_1_82' title='bbox 1177 1540 1244 1621; x_wconf 76' lang='lat'>765</span> 
     </span>
     <span class='ocr_line' id='line_1_12' title="bbox 138 1648 1006 1734; baseline 0.003 -22"><span class='ocrx_word' id='word_1_83' title='bbox 138 1648 263 1713; x_wconf 86' lang='lat' dir='ltr'>Hostis</span> <span class='ocrx_word' id='word_1_84' title='bbox 279 1650 323 1713; x_wconf 94' lang='lat' dir='ltr'>ad</span> <span class='ocrx_word' id='word_1_85' title='bbox 339 1651 521 1732; x_wconf 86' lang='lat' dir='ltr'>adventurn</span> <span class='ocrx_word' id='word_1_86' title='bbox 536 1669 734 1734; x_wconf 84' lang='lat' dir='ltr'>rumpamus</span> <span class='ocrx_word' id='word_1_87' title='bbox 750 1648 882 1713; x_wconf 87' lang='lat' dir='ltr'>foedera</span> <span class='ocrx_word' id='word_1_88' title='bbox 897 1650 1006 1715; x_wconf 87' lang='lat' dir='ltr'>tedae:</span> 
     </span>
    </p>

    <p class='ocr_par' dir='ltr' id='par_1_9' title="bbox 137 1756 1163 1954">
     <span class='ocr_line' id='line_1_13' title="bbox 137 1756 1163 1842; baseline 0.001 -20"><span class='ocrx_word' id='word_1_89' title='bbox 137 1756 322 1824; x_wconf 85' lang='lat' dir='ltr'>Placemus</span> <span class='ocrx_word' id='word_1_90' title='bbox 337 1760 512 1826; x_wconf 87' lang='lat' dir='ltr'>Socerum.</span> <span class='ocrx_word' id='word_1_91' title='bbox 536 1761 595 1830; x_wconf 88' lang='lat' dir='ltr'>Sic</span> <span class='ocrx_word' id='word_1_92' title='bbox 612 1760 741 1826; x_wconf 89' lang='lat' dir='ltr'>esttibi</span> <span class='ocrx_word' id='word_1_93' title='bbox 756 1759 904 1840; x_wconf 80' lang='lat' dir='ltr'>cognita,</span> <span class='ocrx_word' id='word_1_94' title='bbox 921 1759 1062 1842; x_wconf 84' lang='lat' dir='ltr'>Magne,</span> <span class='ocrx_word' id='word_1_95' title='bbox 1161 1800 1163 1805; x_wconf 56' lang='lat'>&lt;</span> 
     </span>
     <span class='ocr_line' id='line_1_14' title="bbox 140 1868 1039 1954; baseline 0.002 -22"><span class='ocrx_word' id='word_1_96' title='bbox 140 1869 269 1933; x_wconf 89' lang='lat' dir='ltr'>Nostra</span> <span class='ocrx_word' id='word_1_97' title='bbox 283 1871 393 1935; x_wconf 84' lang='lat' dir='ltr'>fidesl</span> <span class='ocrx_word' id='word_1_98' title='bbox 418 1872 575 1936; x_wconf 87' lang='lat' dir='ltr'>credisne</span> <span class='ocrx_word' id='word_1_99' title='bbox 589 1869 718 1954; x_wconf 91' lang='lat' dir='ltr'>aliquid</span> <span class='ocrx_word' id='word_1_100' title='bbox 733 1868 816 1932; x_wconf 90' lang='lat' dir='ltr'>mihi</span> <span class='ocrx_word' id='word_1_101' title='bbox 828 1870 933 1933; x_wconf 84' lang='lat' dir='ltr'>tutius</span> <span class='ocrx_word' id='word_1_102' title='bbox 949 1889 1039 1946; x_wconf 86' lang='lat' dir='ltr'>esse,</span> 
     </span>
    </p>

    <p class='ocr_par' dir='ltr' id='par_1_10' title="bbox 139 1978 1243 2286">
     <span class='ocr_line' id='line_1_15' title="bbox 140 1978 1145 2062; baseline -0.005 -15"><span class='ocrx_word' id='word_1_103' title='bbox 140 1978 254 2058; x_wconf 81' lang='lat' dir='ltr'>Quam</span> <span class='ocrx_word' id='word_1_104' title='bbox 267 1983 356 2045; x_wconf 84' lang='lat' dir='ltr'>tibit</span> <span class='ocrx_word' id='word_1_105' title='bbox 377 1990 491 2050; x_wconf 84' lang='lat' dir='ltr'>nonne</span> <span class='ocrx_word' id='word_1_106' title='bbox 508 1983 590 2046; x_wconf 91' lang='lat' dir='ltr'>olim</span> <span class='ocrx_word' id='word_1_107' title='bbox 605 2001 690 2045; x_wconf 90' lang='lat' dir='ltr'>casu</span> <span class='ocrx_word' id='word_1_108' title='bbox 703 1978 892 2062; x_wconf 82' lang='lat' dir='ltr'>pendemus</span> <span class='ocrx_word' id='word_1_109' title='bbox 907 1980 1063 2061; x_wconf 84' lang='lat' dir='ltr'>abunot</span> <span class='ocrx_word' id='word_1_110' title='bbox 1140 1994 1145 2001; x_wconf 86' lang='lat'>·</span> 
     </span>
     <span class='ocr_line' id='line_1_16' title="bbox 139 2089 1243 2176; baseline 0.004 -23"><span class='ocrx_word' id='word_1_111' title='bbox 139 2089 353 2156; x_wconf 87' lang='lat' dir='ltr'>Fulminibus</span> <span class='ocrx_word' id='word_1_112' title='bbox 367 2114 421 2158; x_wconf 93' lang='lat' dir='ltr'>me</span> <span class='ocrx_word' id='word_1_113' title='bbox 436 2113 528 2157; x_wconf 86' lang='lat' dir='ltr'>saeve</span> <span class='ocrx_word' id='word_1_114' title='bbox 538 2093 653 2176; x_wconf 69' lang='lat' dir='ltr'>jubes</span> <span class='ocrx_word' id='word_1_115' title='bbox 667 2095 840 2171; x_wconf 85' lang='lat' dir='ltr'>tantaeque</span> <span class='ocrx_word' id='word_1_116' title='bbox 855 2091 973 2155; x_wconf 72' lang='lat' dir='ltr'>ruina</span> <span class='ocrx_word' id='word_1_117' title='bbox 1177 2093 1243 2169; x_wconf 73' lang='grc'>776)</span> 
     </span>
     <span class='ocr_line' id='line_1_17' title="bbox 139 2196 1004 2286; baseline -0.001 -23"><span class='ocrx_word' id='word_1_118' title='bbox 139 2197 325 2266; x_wconf 87' lang='lat' dir='ltr'>Absentem</span> <span class='ocrx_word' id='word_1_119' title='bbox 340 2209 502 2286; x_wconf 87' lang='lat' dir='ltr'>praestare</span> <span class='ocrx_word' id='word_1_120' title='bbox 523 2201 649 2286; x_wconf 84' lang='lat' dir='ltr'>caputl</span> <span class='ocrx_word' id='word_1_121' title='bbox 673 2217 795 2264; x_wconf 90' lang='lat' dir='ltr'>secura</span> <span class='ocrx_word' id='word_1_122' title='bbox 809 2196 942 2264; x_wconf 85' lang='lat' dir='ltr'>videtur</span> <span class='ocrx_word' id='word_1_123' title='bbox 1001 2215 1004 2222; x_wconf 89' lang='lat'>·</span> 
     </span>
    </p>
   </div>
   <div class='ocr_carea' id='block_1_3' title="bbox 137 2311 1244 2413">
    <p class='ocr_par' dir='ltr' id='par_1_11' title="bbox 137 2311 1244 2413">
     <span class='ocr_line' id='line_1_18' title="bbox 137 2311 1244 2413; baseline 0.005 -19"><span class='ocrx_word' id='word_1_124' title='bbox 137 2348 275 2395; x_wconf 70' lang='lat' dir='ltr'>rsraoae.</span> <span class='ocrx_word' id='word_1_125' title='bbox 320 2350 484 2409; x_wconf 63' lang='lat' dir='ltr'>reseremus.</span> <span class='ocrx_word' id='word_1_126' title='bbox 530 2347 663 2410; x_wconf 67' lang='lat' dir='ltr'>rssflrm.</span> <span class='ocrx_word' id='word_1_127' title='bbox 707 2348 755 2397; x_wconf 80' lang='lat' dir='ltr'>rer</span> <span class='ocrx_word' id='word_1_128' title='bbox 768 2311 866 2393; x_wconf 62' lang='lat' dir='ltr'>rreum</span> <span class='ocrx_word' id='word_1_129' title='bbox 875 2349 919 2394; x_wconf 69' lang='lat' dir='ltr'>aa</span> <span class='ocrx_word' id='word_1_130' title='bbox 963 2349 1010 2396; x_wconf 81' lang='lat' dir='ltr'>rer</span> <span class='ocrx_word' id='word_1_131' title='bbox 1028 2337 1244 2413; x_wconf 64' lang='lat' dir='ltr'>pafmeupuua</span> 
     </span>
    </p>
   </div>
   <div class='ocr_carea' id='block_1_4' title="bbox 169 2412 1211 2536">
    <p class='ocr_par' dir='ltr' id='par_1_12' title="bbox 169 2412 1211 2536">
     <span class='ocr_line' id='line_1_19' title="bbox 284 2412 1096 2477; baseline -0.001 -16"><span class='ocrx_word' id='word_1_132' title='bbox 284 2418 333 2462; x_wconf 80' lang='grc'>764</span> <span class='ocrx_word' id='word_1_133' title='bbox 341 2413 414 2477; x_wconf 83' lang='lat' dir='ltr'>forte.</span> <span class='ocrx_word' id='word_1_134' title='bbox 478 2416 642 2476; x_wconf 78' lang='lat' dir='ltr'>764gemeuti.</span> <span class='ocrx_word' id='word_1_135' title='bbox 707 2415 756 2462; x_wconf 89' lang='grc'>766</span> <span class='ocrx_word' id='word_1_136' title='bbox 769 2412 845 2457; x_wconf 77' lang='lat' dir='ltr'>teda?</span> <span class='ocrx_word' id='word_1_137' title='bbox 908 2414 956 2463; x_wconf 89' lang='grc'>767</span> <span class='ocrx_word' id='word_1_138' title='bbox 971 2412 1096 2460; x_wconf 83' lang='lat' dir='ltr'>Socerum?</span> 
     </span>
     <span class='ocr_line' id='line_1_20' title="bbox 169 2475 1211 2536; baseline 0.004 -12"><span class='ocrx_word' id='word_1_139' title='bbox 169 2477 218 2524; x_wconf 86' lang='grc'>769</span> <span class='ocrx_word' id='word_1_140' title='bbox 229 2479 370 2533; x_wconf 73' lang='lat' dir='ltr'>uusmollm,</span> <span class='ocrx_word' id='word_1_141' title='bbox 380 2493 425 2524; x_wconf 84' lang='lat' dir='ltr'>uon</span> <span class='ocrx_word' id='word_1_142' title='bbox 436 2478 496 2536; x_wconf 83' lang='lat' dir='ltr'>olim,</span> <span class='ocrx_word' id='word_1_143' title='bbox 508 2493 546 2525; x_wconf 87' lang='lat' dir='ltr'>uos</span> <span class='ocrx_word' id='word_1_144' title='bbox 557 2479 616 2525; x_wconf 82' lang='lat' dir='ltr'>olim.</span> <span class='ocrx_word' id='word_1_145' title='bbox 658 2479 707 2524; x_wconf 85' lang='grc'>769</span> <span class='ocrx_word' id='word_1_146' title='bbox 717 2491 769 2522; x_wconf 83' lang='lat' dir='ltr'>uuo.</span> <span class='ocrx_word' id='word_1_147' title='bbox 807 2479 858 2524; x_wconf 90' lang='grc'>770</span> <span class='ocrx_word' id='word_1_148' title='bbox 868 2475 1027 2524; x_wconf 45' lang='lat' dir='ltr'>Fluminibus</span> <span class='ocrx_word' id='word_1_149' title='bbox 1058 2481 1211 2528; x_wconf 69' lang='lat' dir='ltr'>witemora.</span> 
     </span>
    </p>
   </div>
   <div class='ocr_carea' id='block_1_5' title="bbox 138 2586 1297 3682">
    <p class='ocr_par' dir='ltr' id='par_1_13' title="bbox 138 2586 1245 2843">
     <span class='ocr_line' id='line_1_21' title="bbox 138 2586 1245 2650; baseline 0.007 -16"><span class='ocrx_word' id='word_1_150' title='bbox 138 2586 164 2634; x_wconf 87' lang='lat' dir='ltr'>ia</span> <span class='ocrx_word' id='word_1_151' title='bbox 172 2589 254 2648; x_wconf 87' lang='lat' dir='ltr'>praelio</span> <span class='ocrx_word' id='word_1_152' title='bbox 262 2590 294 2636; x_wconf 89' lang='lat' dir='ltr'>sit</span> <span class='ocrx_word' id='word_1_153' title='bbox 302 2591 484 2636; x_wconf 83' lang='lat' dir='ltr'>occumbendum</span> <span class='ocrx_word' id='word_1_154' title='bbox 491 2589 567 2637; x_wconf 81' lang='lat' dir='ltr'>levior</span> <span class='ocrx_word' id='word_1_155' title='bbox 574 2591 604 2636; x_wconf 85' lang='lat' dir='ltr'>ad</span> <span class='ocrx_word' id='word_1_156' title='bbox 613 2597 636 2636; x_wconf 92' lang='lat' dir='ltr'>te</span> <span class='ocrx_word' id='word_1_157' title='bbox 643 2605 679 2636; x_wconf 87' lang='lat' dir='ltr'>se·</span> <span class='ocrx_word' id='word_1_158' title='bbox 706 2588 818 2635; x_wconf 87' lang='lat' dir='ltr'>divortio:</span> <span class='ocrx_word' id='word_1_159' title='bbox 830 2603 899 2647; x_wconf 83' lang='lat' dir='ltr'>quum</span> <span class='ocrx_word' id='word_1_160' title='bbox 911 2589 997 2650; x_wconf 83' lang='lat' dir='ltr'>alioqui</span> <span class='ocrx_word' id='word_1_161' title='bbox 1008 2605 1062 2638; x_wconf 84' lang='lat' dir='ltr'>rere</span> <span class='ocrx_word' id='word_1_162' title='bbox 1071 2600 1174 2641; x_wconf 81' lang='lat' dir='ltr'>amantes</span> <span class='ocrx_word' id='word_1_163' title='bbox 1182 2610 1245 2643; x_wconf 85' lang='lat' dir='ltr'>mora</span> 
     </span>
     <span class='ocr_line' id='line_1_22' title="bbox 139 2652 1245 2714; baseline 0.007 -16"><span class='ocrx_word' id='word_1_164' title='bbox 139 2659 224 2707; x_wconf 75' lang='lat' dir='ltr'>motam</span> <span class='ocrx_word' id='word_1_165' title='bbox 236 2669 304 2713; x_wconf 90' lang='lat' dir='ltr'>quam</span> <span class='ocrx_word' id='word_1_166' title='bbox 314 2662 451 2714; x_wconf 75' lang='lat' dir='ltr'>praesentem</span> <span class='ocrx_word' id='word_1_167' title='bbox 463 2662 574 2701; x_wconf 83' lang='lat' dir='ltr'>venturus</span> <span class='ocrx_word' id='word_1_168' title='bbox 590 2662 626 2701; x_wconf 89' lang='lat' dir='ltr'>est</span> <span class='ocrx_word' id='word_1_169' title='bbox 638 2654 679 2700; x_wconf 89' lang='lat' dir='ltr'>do·</span> <span class='ocrx_word' id='word_1_170' title='bbox 706 2652 756 2699; x_wconf 88' lang='lat' dir='ltr'>sola</span> <span class='ocrx_word' id='word_1_171' title='bbox 772 2660 871 2712; x_wconf 86' lang='lat' dir='ltr'>separet.</span> <span class='ocrx_word' id='word_1_172' title='bbox 888 2654 996 2713; x_wconf 83' lang='lat' dir='ltr'>Speciem</span> <span class='ocrx_word' id='word_1_173' title='bbox 1008 2662 1084 2702; x_wconf 88' lang='lat' dir='ltr'>antem</span> <span class='ocrx_word' id='word_1_174' title='bbox 1099 2657 1194 2704; x_wconf 77' lang='lat' dir='ltr'>divortii</span> <span class='ocrx_word' id='word_1_175' title='bbox 1204 2661 1245 2707; x_wconf 82' lang='lat' dir='ltr'>lra-</span> 
     </span>
     <span class='ocr_line' id='line_1_23' title="bbox 139 2715 1243 2784; baseline 0.008 -23"><span class='ocrx_word' id='word_1_176' title='bbox 139 2717 183 2763; x_wconf 87' lang='lat' dir='ltr'>lor.</span> <span class='ocrx_word' id='word_1_177' title='bbox 196 2718 230 2764; x_wconf 89' lang='lat' dir='ltr'>sin</span> <span class='ocrx_word' id='word_1_178' title='bbox 241 2719 292 2764; x_wconf 85' lang='lat' dir='ltr'>fusa</span> <span class='ocrx_word' id='word_1_179' title='bbox 303 2720 352 2776; x_wconf 78' lang='lat' dir='ltr'>acie</span> <span class='ocrx_word' id='word_1_180' title='bbox 364 2719 396 2764; x_wconf 83' lang='lat' dir='ltr'>sit</span> <span class='ocrx_word' id='word_1_181' title='bbox 405 2719 548 2779; x_wconf 84' lang='lat' dir='ltr'>fugiendum,</span> <span class='ocrx_word' id='word_1_182' title='bbox 555 2726 578 2764; x_wconf 88' lang='grc'>66</span> <span class='ocrx_word' id='word_1_183' title='bbox 590 2718 679 2765; x_wconf 91' lang='lat' dir='ltr'>meliori</span> <span class='ocrx_word' id='word_1_184' title='bbox 705 2719 746 2763; x_wconf 88' lang='lat' dir='ltr'>bet</span> <span class='ocrx_word' id='word_1_185' title='bbox 756 2715 802 2762; x_wconf 86' lang='lat' dir='ltr'>isla</span> <span class='ocrx_word' id='word_1_186' title='bbox 813 2719 933 2776; x_wconf 81' lang='lat' dir='ltr'>separatio.</span> <span class='ocrx_word' id='word_1_187' title='bbox 951 2719 1008 2764; x_wconf 90' lang='lat' dir='ltr'>Ideo</span> <span class='ocrx_word' id='word_1_188' title='bbox 1017 2720 1074 2765; x_wconf 86' lang='lat' dir='ltr'>dicit</span> <span class='ocrx_word' id='word_1_189' title='bbox 1084 2721 1181 2776; x_wconf 69' lang='lat' dir='ltr'>dimisso.</span> <span class='ocrx_word' id='word_1_190' title='bbox 1191 2739 1243 2784; x_wconf 78' lang='lat' dir='ltr'>quea</span> 
     </span>
     <span class='ocr_line' id='line_1_24' title="bbox 140 2781 1113 2843; baseline 0.003 -16"><span class='ocrx_word' id='word_1_191' title='bbox 140 2781 186 2828; x_wconf 86' lang='lat' dir='ltr'>mei</span> <span class='ocrx_word' id='word_1_192' title='bbox 198 2789 264 2841; x_wconf 84' lang='lat' dir='ltr'>parte</span> <span class='ocrx_word' id='word_1_193' title='bbox 275 2783 392 2839; x_wconf 86' lang='lat' dir='ltr'>incolumi,</span> <span class='ocrx_word' id='word_1_194' title='bbox 403 2783 447 2829; x_wconf 88' lang='lat' dir='ltr'>erit</span> <span class='ocrx_word' id='word_1_195' title='bbox 455 2798 500 2842; x_wconf 91' lang='lat' dir='ltr'>quo</span> <span class='ocrx_word' id='word_1_196' title='bbox 508 2784 589 2843; x_wconf 80' lang='lat' dir='ltr'>sugere</span> <span class='ocrx_word' id='word_1_197' title='bbox 601 2783 678 2829; x_wconf 86' lang='lat' dir='ltr'>velim.</span> <span class='ocrx_word' id='word_1_198' title='bbox 707 2797 753 2830; x_wconf 83' lang='lat' dir='ltr'>vox</span> <span class='ocrx_word' id='word_1_199' title='bbox 765 2781 866 2827; x_wconf 82' lang='lat' dir='ltr'>divortio</span> <span class='ocrx_word' id='word_1_200' title='bbox 878 2783 994 2830; x_wconf 83' lang='lat' dir='ltr'>convenit.</span> <span class='ocrx_word' id='word_1_201' title='bbox 1013 2783 1113 2831; x_wconf 78' lang='lat' dir='ltr'>Grotius.</span> 
     </span>
    </p>

    <p class='ocr_par' dir='ltr' id='par_1_14' title="bbox 139 2845 1297 3040">
     <span class='ocr_line' id='line_1_25' title="bbox 173 2845 1297 2914; baseline 0.004 -20"><span class='ocrx_word' id='word_1_202' title='bbox 173 2850 229 2895; x_wconf 86' lang='grc'>756.</span> <span class='ocrx_word' id='word_1_203' title='bbox 254 2846 307 2893; x_wconf 85' lang='lat' dir='ltr'>Nou</span> <span class='ocrx_word' id='word_1_204' title='bbox 324 2856 370 2894; x_wconf 87' lang='lat' dir='ltr'>totu</span> <span class='ocrx_word' id='word_1_205' title='bbox 388 2857 408 2894; x_wconf 87' lang='lat' dir='ltr'>te</span> <span class='ocrx_word' id='word_1_206' title='bbox 423 2847 480 2892; x_wconf 86' lang='lat' dir='ltr'>mole</span> <span class='ocrx_word' id='word_1_207' title='bbox 496 2846 604 2908; x_wconf 75' lang='lat' dir='ltr'>premat]</span> <span class='ocrx_word' id='word_1_208' title='bbox 642 2849 680 2894; x_wconf 87' lang='lat' dir='ltr'>Ne</span> <span class='ocrx_word' id='word_1_209' title='bbox 738 2848 795 2894; x_wconf 84' lang='grc'>766.</span> <span class='ocrx_word' id='word_1_210' title='bbox 813 2845 887 2893; x_wconf 80' lang='lat' dir='ltr'>Hostis</span> <span class='ocrx_word' id='word_1_211' title='bbox 901 2847 932 2894; x_wconf 84' lang='lat' dir='ltr'>ud</span> <span class='ocrx_word' id='word_1_212' title='bbox 947 2848 1075 2904; x_wconf 83' lang='lat' dir='ltr'>adventum,</span> <span class='ocrx_word' id='word_1_213' title='bbox 1088 2846 1144 2914; x_wconf 86' lang='lat' dir='ltr'>&amp;o.]</span> <span class='ocrx_word' id='word_1_214' title='bbox 1171 2850 1244 2908; x_wconf 82' lang='lat' dir='ltr'>Quasi</span> <span class='ocrx_word' id='word_1_215' title='bbox 1291 2875 1297 2882; x_wconf 69' lang='lat'>=</span> 
     </span>
     <span class='ocr_line' id='line_1_26' title="bbox 139 2910 1244 2975; baseline 0.004 -16"><span class='ocrx_word' id='word_1_216' title='bbox 139 2910 204 2959; x_wconf 89' lang='lat' dir='ltr'>lucta</span> <span class='ocrx_word' id='word_1_217' title='bbox 227 2917 251 2957; x_wconf 93' lang='lat' dir='ltr'>et</span> <span class='ocrx_word' id='word_1_218' title='bbox 271 2911 351 2958; x_wconf 86' lang='lat' dir='ltr'>dolore</span> <span class='ocrx_word' id='word_1_219' title='bbox 377 2912 400 2957; x_wconf 90' lang='lat' dir='ltr'>in</span> <span class='ocrx_word' id='word_1_220' title='bbox 421 2918 496 2958; x_wconf 90' lang='lat' dir='ltr'>tolum</span> <span class='ocrx_word' id='word_1_221' title='bbox 521 2918 545 2959; x_wconf 87' lang='lat' dir='ltr'>ta</span> <span class='ocrx_word' id='word_1_222' title='bbox 564 2911 678 2958; x_wconf 83' lang='lat' dir='ltr'>conficiat.</span> <span class='ocrx_word' id='word_1_223' title='bbox 706 2925 762 2957; x_wconf 86' lang='lat' dir='ltr'>vero</span> <span class='ocrx_word' id='word_1_224' title='bbox 774 2910 883 2971; x_wconf 87' lang='lat' dir='ltr'>quiajam</span> <span class='ocrx_word' id='word_1_225' title='bbox 894 2917 956 2957; x_wconf 90' lang='lat' dir='ltr'>totus</span> <span class='ocrx_word' id='word_1_226' title='bbox 967 2912 1033 2959; x_wconf 89' lang='lat' dir='ltr'>adest</span> <span class='ocrx_word' id='word_1_227' title='bbox 1043 2913 1067 2959; x_wconf 88' lang='lat' dir='ltr'>in</span> <span class='ocrx_word' id='word_1_228' title='bbox 1079 2914 1244 2975; x_wconf 77' lang='lat' dir='ltr'>pretiacaesar</span> 
     </span>
     <span class='ocr_line' id='line_1_27' title="bbox 142 2973 1244 3040; baseline 0.005 -18"><span class='ocrx_word' id='word_1_229' title='bbox 142 2973 251 3024; x_wconf 84' lang='lat' dir='ltr'>Horteus.</span> <span class='ocrx_word' id='word_1_230' title='bbox 706 2974 788 3035; x_wconf 89' lang='lat' dir='ltr'>(modo</span> <span class='ocrx_word' id='word_1_231' title='bbox 800 2990 835 3022; x_wconf 87' lang='lat' dir='ltr'>vs.</span> <span class='ocrx_word' id='word_1_232' title='bbox 849 2975 919 3038; x_wconf 77' lang='grc'>747.)</span> <span class='ocrx_word' id='word_1_233' title='bbox 937 2991 979 3033; x_wconf 84' lang='lat' dir='ltr'>nos</span> <span class='ocrx_word' id='word_1_234' title='bbox 988 2985 1093 3038; x_wconf 82' lang='lat' dir='ltr'>oporteat</span> <span class='ocrx_word' id='word_1_235' title='bbox 1108 2978 1144 3025; x_wconf 93' lang='lat' dir='ltr'>illi</span> <span class='ocrx_word' id='word_1_236' title='bbox 1160 2981 1244 3040; x_wconf 65' lang='grc'>366666-</span> 
     </span>
    </p>

    <p class='ocr_par' dir='ltr' id='par_1_15' title="bbox 140 3039 1244 3232">
     <span class='ocr_line' id='line_1_28' title="bbox 173 3039 951 3106; baseline 0.003 -20"><span class='ocrx_word' id='word_1_237' title='bbox 173 3043 229 3088; x_wconf 89' lang='grc'>758.</span> <span class='ocrx_word' id='word_1_238' title='bbox 248 3039 272 3086; x_wconf 84' lang='lat' dir='ltr'>Si</span> <span class='ocrx_word' id='word_1_239' title='bbox 279 3039 337 3106; x_wconf 77' lang='lat' dir='ltr'>futu</span> <span class='ocrx_word' id='word_1_240' title='bbox 350 3041 475 3104; x_wconf 71' lang='lat' dir='ltr'>premant]</span> <span class='ocrx_word' id='word_1_241' title='bbox 492 3040 517 3088; x_wconf 89' lang='lat' dir='ltr'>Si</span> <span class='ocrx_word' id='word_1_242' title='bbox 528 3041 625 3089; x_wconf 83' lang='lat' dir='ltr'>adversa</span> <span class='ocrx_word' id='word_1_243' title='bbox 635 3041 680 3086; x_wconf 84' lang='lat' dir='ltr'>for·</span> <span class='ocrx_word' id='word_1_244' title='bbox 706 3039 763 3094; x_wconf 87' lang='lat' dir='ltr'>cari,</span> <span class='ocrx_word' id='word_1_245' title='bbox 773 3040 833 3086; x_wconf 88' lang='lat' dir='ltr'>faelo</span> <span class='ocrx_word' id='word_1_246' title='bbox 842 3040 951 3098; x_wconf 82' lang='lat' dir='ltr'>divortio.</span> 
     </span>
     <span class='ocr_line' id='line_1_29' title="bbox 140 3104 1244 3171; baseline 0.003 -20"><span class='ocrx_word' id='word_1_247' title='bbox 140 3111 196 3151; x_wconf 84' lang='lat' dir='ltr'>tana</span> <span class='ocrx_word' id='word_1_248' title='bbox 212 3106 323 3161; x_wconf 83' lang='lat' dir='ltr'>vexabor,</span> <span class='ocrx_word' id='word_1_249' title='bbox 339 3113 363 3151; x_wconf 87' lang='lat' dir='ltr'>et</span> <span class='ocrx_word' id='word_1_250' title='bbox 374 3105 451 3153; x_wconf 81' lang='lat' dir='ltr'>Caesar</span> <span class='ocrx_word' id='word_1_251' title='bbox 468 3121 504 3152; x_wconf 87' lang='lat' dir='ltr'>me</span> <span class='ocrx_word' id='word_1_252' title='bbox 519 3113 679 3167; x_wconf 85' lang='lat' dir='ltr'>persequetur.</span> <span class='ocrx_word' id='word_1_253' title='bbox 737 3106 794 3153; x_wconf 88' lang='grc'>767.</span> <span class='ocrx_word' id='word_1_254' title='bbox 822 3104 938 3151; x_wconf 81' lang='lat' dir='ltr'>Placemus</span> <span class='ocrx_word' id='word_1_255' title='bbox 958 3105 1077 3168; x_wconf 77' lang='lat' dir='ltr'>socerum]</span> <span class='ocrx_word' id='word_1_256' title='bbox 1109 3106 1244 3171; x_wconf 72' lang='lat' dir='ltr'>Mitigemns</span> 
     </span>
     <span class='ocr_line' id='line_1_30' title="bbox 141 3168 1244 3232; baseline 0.004 -14"><span class='ocrx_word' id='word_1_257' title='bbox 141 3168 258 3229; x_wconf 62' lang='lat' dir='ltr'>Sulpiciae.</span> <span class='ocrx_word' id='word_1_258' title='bbox 545 3208 547 3214; x_wconf 95' lang='lat'><em>.</em></span> <span class='ocrx_word' id='word_1_259' title='bbox 706 3169 830 3225; x_wconf 73' lang='lat' dir='ltr'>Gaesarem,</span> <span class='ocrx_word' id='word_1_260' title='bbox 848 3170 887 3230; x_wconf 88' lang='lat' dir='ltr'>qui</span> <span class='ocrx_word' id='word_1_261' title='bbox 906 3171 1011 3217; x_wconf 86' lang='lat' dir='ltr'>turbatus</span> <span class='ocrx_word' id='word_1_262' title='bbox 1032 3178 1077 3228; x_wconf 88' lang='lat' dir='ltr'>est,</span> <span class='ocrx_word' id='word_1_263' title='bbox 1093 3174 1156 3232; x_wconf 86' lang='lat' dir='ltr'>qaod</span> <span class='ocrx_word' id='word_1_264' title='bbox 1172 3174 1244 3222; x_wconf 78' lang='lat' dir='ltr'>simm</span> 
     </span>
    </p>

    <p class='ocr_par' dir='ltr' id='par_1_16' title="bbox 140 3231 1245 3484">
     <span class='ocr_line' id='line_1_31' title="bbox 173 3231 932 3297; baseline 0.003 -18"><span class='ocrx_word' id='word_1_265' title='bbox 173 3237 229 3282; x_wconf 76' lang='lat'>759.</span> <span class='ocrx_word' id='word_1_266' title='bbox 257 3231 299 3279; x_wconf 81' lang='lat' dir='ltr'>Vis</span> <span class='ocrx_word' id='word_1_267' title='bbox 316 3243 414 3290; x_wconf 85' lang='lat' dir='ltr'>tuntum,</span> <span class='ocrx_word' id='word_1_268' title='bbox 431 3233 488 3297; x_wconf 84' lang='lat' dir='ltr'>&amp;e.]</span> <span class='ocrx_word' id='word_1_269' title='bbox 515 3235 624 3282; x_wconf 85' lang='lat' dir='ltr'>Cornelia</span> <span class='ocrx_word' id='word_1_270' title='bbox 638 3234 681 3281; x_wconf 83' lang='lat' dir='ltr'>vix</span> <span class='ocrx_word' id='word_1_271' title='bbox 706 3234 831 3292; x_wconf 85' lang='lat' dir='ltr'>conjuncti.</span> <span class='ocrx_word' id='word_1_272' title='bbox 849 3234 932 3294; x_wconf 86' lang='lat' dir='ltr'>Sulpit.</span> 
     </span>
     <span class='ocr_line' id='line_1_32' title="bbox 140 3296 1245 3364; baseline 0.005 -19"><span class='ocrx_word' id='word_1_273' title='bbox 140 3299 254 3345; x_wconf 72' lang='lat' dir='ltr'>munere</span> <span class='ocrx_word' id='word_1_274' title='bbox 272 3299 352 3345; x_wconf 86' lang='lat' dir='ltr'>valens</span> <span class='ocrx_word' id='word_1_275' title='bbox 373 3300 476 3346; x_wconf 89' lang='lat' dir='ltr'>dolorem</span> <span class='ocrx_word' id='word_1_276' title='bbox 497 3314 528 3344; x_wconf 83' lang='lat' dir='ltr'>ex</span> <span class='ocrx_word' id='word_1_277' title='bbox 550 3299 593 3351; x_wconf 81' lang='lat' dir='ltr'>his</span> <span class='ocrx_word' id='word_1_278' title='bbox 605 3299 681 3344; x_wconf 90' lang='lat' dir='ltr'>mariti</span> <span class='ocrx_word' id='word_1_279' title='bbox 738 3300 794 3346; x_wconf 84' lang='grc'>768.</span> <span class='ocrx_word' id='word_1_280' title='bbox 813 3297 919 3345; x_wconf 76' lang='lat' dir='ltr'>Credisne</span> <span class='ocrx_word' id='word_1_281' title='bbox 930 3299 1022 3360; x_wconf 83' lang='lat' dir='ltr'>aliquid,</span> <span class='ocrx_word' id='word_1_282' title='bbox 1036 3296 1092 3364; x_wconf 68' lang='lat' dir='ltr'>dra]</span> <span class='ocrx_word' id='word_1_283' title='bbox 1110 3301 1245 3362; x_wconf 75' lang='lat' dir='ltr'>Respondet</span> 
     </span>
     <span class='ocr_line' id='line_1_33' title="bbox 142 3361 1243 3424; baseline 0.003 -16"><span class='ocrx_word' id='word_1_284' title='bbox 142 3363 222 3409; x_wconf 83' lang='lat' dir='ltr'>verbis</span> <span class='ocrx_word' id='word_1_285' title='bbox 238 3371 383 3423; x_wconf 86' lang='lat' dir='ltr'>conceptum,</span> <span class='ocrx_word' id='word_1_286' title='bbox 400 3364 500 3424; x_wconf 88' lang='lat' dir='ltr'>primurn</span> <span class='ocrx_word' id='word_1_287' title='bbox 516 3363 613 3423; x_wconf 86' lang='lat' dir='ltr'>stupuit,</span> <span class='ocrx_word' id='word_1_288' title='bbox 625 3379 681 3410; x_wconf 84' lang='lat' dir='ltr'>mox</span> <span class='ocrx_word' id='word_1_289' title='bbox 706 3361 736 3407; x_wconf 86' lang='lat' dir='ltr'>ad</span> <span class='ocrx_word' id='word_1_290' title='bbox 747 3361 788 3407; x_wconf 91' lang='lat' dir='ltr'>illa</span> <span class='ocrx_word' id='word_1_291' title='bbox 799 3378 833 3410; x_wconf 86' lang='lat' dir='ltr'>vs.</span> <span class='ocrx_word' id='word_1_292' title='bbox 843 3365 900 3410; x_wconf 87' lang='grc'>743.</span> <span class='ocrx_word' id='word_1_293' title='bbox 911 3364 950 3409; x_wconf 78' lang='lat' dir='ltr'>riti</span> <span class='ocrx_word' id='word_1_294' title='bbox 958 3372 1008 3410; x_wconf 76' lang='lat' dir='ltr'>utta</span> <span class='ocrx_word' id='word_1_295' title='bbox 1015 3365 1099 3411; x_wconf 81' lang='lat' dir='ltr'>latebra</span> <span class='ocrx_word' id='word_1_296' title='bbox 1107 3364 1243 3416; x_wconf 72' lang='lat' dir='ltr'>Lesboserr&#39;r.</span> 
     </span>
     <span class='ocr_line' id='line_1_34' title="bbox 140 3426 991 3484; baseline 0.001 -11"><span class='ocrx_word' id='word_1_297' title='bbox 140 3427 182 3474; x_wconf 86' lang='lat' dir='ltr'>ubi</span> <span class='ocrx_word' id='word_1_298' title='bbox 193 3427 256 3472; x_wconf 89' lang='lat' dir='ltr'>adse</span> <span class='ocrx_word' id='word_1_299' title='bbox 266 3429 343 3484; x_wconf 85' lang='lat' dir='ltr'>rediit,</span> <span class='ocrx_word' id='word_1_300' title='bbox 353 3429 387 3474; x_wconf 84' lang='lat' dir='ltr'>sio</span> <span class='ocrx_word' id='word_1_301' title='bbox 398 3428 467 3474; x_wconf 81' lang='lat' dir='ltr'>effata</span> <span class='ocrx_word' id='word_1_302' title='bbox 475 3435 518 3475; x_wconf 87' lang='lat' dir='ltr'>est.</span> <span class='ocrx_word' id='word_1_303' title='bbox 707 3433 730 3472; x_wconf 89' lang='lat' dir='ltr'>et</span> <span class='ocrx_word' id='word_1_304' title='bbox 740 3442 775 3472; x_wconf 84' lang='lat' dir='ltr'>vs.</span> <span class='ocrx_word' id='word_1_305' title='bbox 786 3429 843 3473; x_wconf 85' lang='grc'>754.</span> <span class='ocrx_word' id='word_1_306' title='bbox 861 3426 940 3475; x_wconf 82' lang='lat' dir='ltr'>Tutior</span> <span class='ocrx_word' id='word_1_307' title='bbox 949 3429 991 3474; x_wconf 81' lang='lat' dir='ltr'>int.</span> 
     </span>
    </p>

    <p class='ocr_par' dir='ltr' id='par_1_17' title="bbox 141 3490 1244 3682">
     <span class='ocr_line' id='line_1_35' title="bbox 144 3490 1243 3558; baseline 0.006 -21"><span class='ocrx_word' id='word_1_308' title='bbox 144 3542 146 3547; x_wconf 56' lang='grc'>,</span> <span class='ocrx_word' id='word_1_309' title='bbox 173 3495 230 3537; x_wconf 78' lang='grc'>767.</span> <span class='ocrx_word' id='word_1_310' title='bbox 249 3491 292 3538; x_wconf 82' lang='lat' dir='ltr'>Nil</span> <span class='ocrx_word' id='word_1_311' title='bbox 310 3493 365 3538; x_wconf 79' lang='lat' dir='ltr'>milri</span> <span class='ocrx_word' id='word_1_312' title='bbox 383 3493 410 3539; x_wconf 79' lang='lat' dir='ltr'>de</span> <span class='ocrx_word' id='word_1_313' title='bbox 423 3491 494 3555; x_wconf 84' lang='lat' dir='ltr'>fatis,</span> <span class='ocrx_word' id='word_1_314' title='bbox 509 3490 567 3552; x_wconf 87' lang='lat' dir='ltr'>&amp;c.]</span> <span class='ocrx_word' id='word_1_315' title='bbox 600 3491 681 3538; x_wconf 80' lang='lat' dir='ltr'>Oratio</span> <span class='ocrx_word' id='word_1_316' title='bbox 738 3493 795 3540; x_wconf 82' lang='grc'>769.</span> <span class='ocrx_word' id='word_1_317' title='bbox 814 3490 1033 3556; x_wconf 83' lang='lat' dir='ltr'>Nouueollm,&amp;e.]</span> <span class='ocrx_word' id='word_1_318' title='bbox 1051 3494 1141 3550; x_wconf 75' lang='lat' dir='ltr'>Nouae,</span> <span class='ocrx_word' id='word_1_319' title='bbox 1154 3510 1243 3558; x_wconf 80' lang='lat' dir='ltr'>exque</span> 
     </span>
     <span class='ocr_line' id='line_1_36' title="bbox 141 3555 1244 3616; baseline 0.008 -15"><span class='ocrx_word' id='word_1_320' title='bbox 141 3557 254 3612; x_wconf 70' lang='lat' dir='ltr'>Corneliae</span> <span class='ocrx_word' id='word_1_321' title='bbox 270 3558 387 3615; x_wconf 81' lang='lat' dir='ltr'>pathetica</span> <span class='ocrx_word' id='word_1_322' title='bbox 403 3563 446 3603; x_wconf 88' lang='lat' dir='ltr'>est.</span> <span class='ocrx_word' id='word_1_323' title='bbox 468 3559 555 3616; x_wconf 89' lang='lat' dir='ltr'>Estque</span> <span class='ocrx_word' id='word_1_324' title='bbox 567 3556 616 3602; x_wconf 81' lang='lat' dir='ltr'>lraee</span> <span class='ocrx_word' id='word_1_325' title='bbox 627 3571 681 3616; x_wconf 91' lang='lat' dir='ltr'>pro·</span> <span class='ocrx_word' id='word_1_326' title='bbox 707 3555 840 3616; x_wconf 81' lang='lat' dir='ltr'>eonjugium</span> <span class='ocrx_word' id='word_1_327' title='bbox 851 3556 1244 3611; x_wconf 74' lang='lat' dir='ltr'>iuivimus,communemetlamsa-</span> 
     </span>
     <span class='ocr_line' id='line_1_37' title="bbox 141 3619 1182 3682; baseline 0.004 -17"><span class='ocrx_word' id='word_1_328' title='bbox 141 3621 234 3682; x_wconf 89' lang='lat' dir='ltr'>positio.</span> <span class='ocrx_word' id='word_1_329' title='bbox 262 3621 360 3681; x_wconf 82' lang='lat' dir='ltr'>Indigne</span> <span class='ocrx_word' id='word_1_330' title='bbox 380 3622 429 3667; x_wconf 83' lang='lat' dir='ltr'>fero</span> <span class='ocrx_word' id='word_1_331' title='bbox 447 3623 541 3681; x_wconf 85' lang='lat' dir='ltr'>Magne,</span> <span class='ocrx_word' id='word_1_332' title='bbox 557 3622 619 3680; x_wconf 91' lang='lat' dir='ltr'>quod</span> <span class='ocrx_word' id='word_1_333' title='bbox 635 3635 680 3666; x_wconf 89' lang='lat' dir='ltr'>non</span> <span class='ocrx_word' id='word_1_334' title='bbox 706 3619 763 3665; x_wconf 88' lang='lat' dir='ltr'>lutis</span> <span class='ocrx_word' id='word_1_335' title='bbox 775 3627 842 3680; x_wconf 84' lang='lat' dir='ltr'>atque</span> <span class='ocrx_word' id='word_1_336' title='bbox 850 3621 948 3680; x_wconf 86' lang='lat' dir='ltr'>periculi</span> <span class='ocrx_word' id='word_1_337' title='bbox 957 3621 1040 3668; x_wconf 89' lang='lat' dir='ltr'>inimus</span> <span class='ocrx_word' id='word_1_338' title='bbox 1052 3623 1153 3670; x_wconf 86' lang='lat' dir='ltr'>sortem?</span> <span class='ocrx_word' id='word_1_339' title='bbox 1179 3622 1182 3627; x_wconf 86' lang='grc'>’</span> 
     </span>
    </p>
   </div>
   <div class='ocr_carea' id='block_1_6' title="bbox 141 3682 1376 3766">
    <p class='ocr_par' dir='ltr' id='par_1_18' title="bbox 141 3682 1376 3766">
     <span class='ocr_line' id='line_1_38' title="bbox 141 3682 1376 3766; baseline 0.006 -36"><span class='ocrx_word' id='word_1_340' title='bbox 141 3691 222 3740; x_wconf 89' lang='lat' dir='ltr'>morte,</span> <span class='ocrx_word' id='word_1_341' title='bbox 231 3685 271 3730; x_wconf 91' lang='lat' dir='ltr'>sed</span> <span class='ocrx_word' id='word_1_342' title='bbox 282 3685 305 3730; x_wconf 92' lang='lat' dir='ltr'>in</span> <span class='ocrx_word' id='word_1_343' title='bbox 317 3686 365 3732; x_wconf 88' lang='lat' dir='ltr'>vita</span> <span class='ocrx_word' id='word_1_344' title='bbox 375 3688 554 3745; x_wconf 81' lang='lat' dir='ltr'>absteseparor</span> <span class='ocrx_word' id='word_1_345' title='bbox 562 3686 679 3745; x_wconf 77' lang='lat' dir='ltr'>despecta.</span> <span class='ocrx_word' id='word_1_346' title='bbox 738 3685 795 3732; x_wconf 88' lang='grc'>770.</span> <span class='ocrx_word' id='word_1_347' title='bbox 824 3683 966 3733; x_wconf 77' lang='lat' dir='ltr'>Fulminibus</span> <span class='ocrx_word' id='word_1_348' title='bbox 978 3701 1015 3732; x_wconf 87' lang='lat' dir='ltr'>me</span> <span class='ocrx_word' id='word_1_349' title='bbox 1029 3682 1170 3766; x_wconf 68' lang='lat' dir='ltr'>saevejubeq,</span> <span class='ocrx_word' id='word_1_350' title='bbox 1187 3688 1248 3757; x_wconf 85' lang='lat' dir='ltr'>&amp;o.}</span> <span class='ocrx_word' id='word_1_351' title='bbox 1325 3705 1328 3709; x_wconf 76' lang='grc'>’</span> <span class='ocrx_word' id='word_1_352' title='bbox 1373 3740 1376 3759; x_wconf 50' lang='grc' dir='ltr'>Ι</span> 
     </span>
    </p>
   </div>
   <div class='ocr_carea' id='block_1_7' title="bbox 139 3748 1362 4472">
    <p class='ocr_par' dir='ltr' id='par_1_19' title="bbox 139 3748 1362 4472">
     <span class='ocr_line' id='line_1_39' title="bbox 142 3748 1244 3812; baseline 0.005 -16"><span class='ocrx_word' id='word_1_353' title='bbox 142 3750 174 3796; x_wconf 86' lang='grc' dir='ltr'>Ε6</span> <span class='ocrx_word' id='word_1_354' title='bbox 181 3750 266 3795; x_wconf 86' lang='lat' dir='ltr'>refutat</span> <span class='ocrx_word' id='word_1_355' title='bbox 275 3749 342 3795; x_wconf 86' lang='lat' dir='ltr'>simul</span> <span class='ocrx_word' id='word_1_356' title='bbox 351 3765 432 3797; x_wconf 87' lang='lat' dir='ltr'>causas</span> <span class='ocrx_word' id='word_1_357' title='bbox 443 3766 456 3795; x_wconf 88' lang='lat' dir='ltr'>a</span> <span class='ocrx_word' id='word_1_358' title='bbox 473 3749 584 3809; x_wconf 91' lang='lat' dir='ltr'>Pompeio</span> <span class='ocrx_word' id='word_1_359' title='bbox 595 3749 681 3795; x_wconf 85' lang='lat' dir='ltr'>addae-</span> <span class='ocrx_word' id='word_1_360' title='bbox 707 3748 747 3794; x_wconf 88' lang='lat' dir='ltr'>Me</span> <span class='ocrx_word' id='word_1_361' title='bbox 760 3756 870 3795; x_wconf 88' lang='lat' dir='ltr'>semotam</span> <span class='ocrx_word' id='word_1_362' title='bbox 882 3749 947 3810; x_wconf 77' lang='lat' dir='ltr'>cogis</span> <span class='ocrx_word' id='word_1_363' title='bbox 955 3766 1007 3797; x_wconf 89' lang='lat' dir='ltr'>esse</span> <span class='ocrx_word' id='word_1_364' title='bbox 1016 3752 1089 3812; x_wconf 83' lang='lat' dir='ltr'>magis</span> <span class='ocrx_word' id='word_1_365' title='bbox 1097 3752 1211 3802; x_wconf 77' lang='lat' dir='ltr'>solicitam</span> <span class='ocrx_word' id='word_1_366' title='bbox 1220 3763 1244 3803; x_wconf 90' lang='lat' dir='ltr'>et</span> 
     </span>
     <span class='ocr_line' id='line_1_40' title="bbox 140 3812 1245 3879; baseline 0.005 -19"><span class='ocrx_word' id='word_1_367' title='bbox 140 3819 184 3860; x_wconf 80' lang='lat' dir='ltr'>tas.</span> <span class='ocrx_word' id='word_1_368' title='bbox 203 3812 244 3859; x_wconf 86' lang='lat' dir='ltr'>Nil</span> <span class='ocrx_word' id='word_1_369' title='bbox 260 3814 315 3860; x_wconf 80' lang='lat' dir='ltr'>milti</span> <span class='ocrx_word' id='word_1_370' title='bbox 334 3815 361 3860; x_wconf 78' lang='lat' dir='ltr'>tle</span> <span class='ocrx_word' id='word_1_371' title='bbox 368 3815 429 3879; x_wconf 84' lang='lat' dir='ltr'>fatis</span> <span class='ocrx_word' id='word_1_372' title='bbox 440 3814 555 3877; x_wconf 79' lang='lat' dir='ltr'>thalami]</span> <span class='ocrx_word' id='word_1_373' title='bbox 575 3814 629 3860; x_wconf 89' lang='lat' dir='ltr'>Non</span> <span class='ocrx_word' id='word_1_374' title='bbox 646 3819 681 3860; x_wconf 91' lang='lat' dir='ltr'>est</span> <span class='ocrx_word' id='word_1_375' title='bbox 706 3813 821 3869; x_wconf 86' lang='lat' dir='ltr'>miseram,</span> <span class='ocrx_word' id='word_1_376' title='bbox 837 3830 905 3874; x_wconf 88' lang='lat' dir='ltr'>qaam</span> <span class='ocrx_word' id='word_1_377' title='bbox 921 3815 941 3860; x_wconf 84' lang='lat' dir='ltr'>si</span> <span class='ocrx_word' id='word_1_378' title='bbox 958 3816 1019 3862; x_wconf 88' lang='lat' dir='ltr'>bello</span> <span class='ocrx_word' id='word_1_379' title='bbox 1031 3816 1148 3864; x_wconf 85' lang='lat' dir='ltr'>autetiam</span> <span class='ocrx_word' id='word_1_380' title='bbox 1161 3818 1245 3875; x_wconf 70' lang='lat' dir='ltr'>ruinae‘,</span> 
     </span>
     <span class='ocr_line' id='line_1_41' title="bbox 141 3878 1243 3943; baseline 0.007 -19"><span class='ocrx_word' id='word_1_381' title='bbox 141 3878 291 3925; x_wconf 75' lang='lat' dir='ltr'>casinensem</span> <span class='ocrx_word' id='word_1_382' title='bbox 299 3880 364 3924; x_wconf 88' lang='lat' dir='ltr'>Deos</span> <span class='ocrx_word' id='word_1_383' title='bbox 375 3886 415 3925; x_wconf 81' lang='lat' dir='ltr'>ant</span> <span class='ocrx_word' id='word_1_384' title='bbox 424 3879 539 3938; x_wconf 85' lang='lat' dir='ltr'>fataquod</span> <span class='ocrx_word' id='word_1_385' title='bbox 549 3878 681 3938; x_wconf 83' lang='lat' dir='ltr'>eonjugium</span> <span class='ocrx_word' id='word_1_386' title='bbox 706 3893 774 3938; x_wconf 87' lang='lat' dir='ltr'>quam</span> <span class='ocrx_word' id='word_1_387' title='bbox 785 3878 866 3924; x_wconf 85' lang='lat' dir='ltr'>timere</span> <span class='ocrx_word' id='word_1_388' title='bbox 875 3878 970 3936; x_wconf 83' lang='lat' dir='ltr'>videris,</span> <span class='ocrx_word' id='word_1_389' title='bbox 979 3879 1129 3928; x_wconf 77' lang='lat' dir='ltr'>interessem:</span> <span class='ocrx_word' id='word_1_390' title='bbox 1146 3881 1198 3943; x_wconf 88' lang='lat' dir='ltr'>ipse</span> <span class='ocrx_word' id='word_1_391' title='bbox 1209 3885 1243 3932; x_wconf 90' lang='lat' dir='ltr'>in-</span> 
     </span>
     <span class='ocr_line' id='line_1_42' title="bbox 140 3942 1177 4006; baseline 0.003 -16"><span class='ocrx_word' id='word_1_392' title='bbox 140 3950 245 3992; x_wconf 80' lang='lat' dir='ltr'>nostrum</span> <span class='ocrx_word' id='word_1_393' title='bbox 258 3950 331 3989; x_wconf 90' lang='lat' dir='ltr'>morte</span> <span class='ocrx_word' id='word_1_394' title='bbox 347 3943 510 3990; x_wconf 88' lang='lat' dir='ltr'>dissolverint:</span> <span class='ocrx_word' id='word_1_395' title='bbox 535 3943 577 3990; x_wconf 89' lang='lat' dir='ltr'>sed</span> <span class='ocrx_word' id='word_1_396' title='bbox 593 3950 626 3997; x_wconf 91' lang='lat' dir='ltr'>te,</span> <span class='ocrx_word' id='word_1_397' title='bbox 641 3943 680 4002; x_wconf 92' lang='lat' dir='ltr'>qui</span> <span class='ocrx_word' id='word_1_398' title='bbox 705 3942 774 3989; x_wconf 86' lang='lat' dir='ltr'>terim</span> <span class='ocrx_word' id='word_1_399' title='bbox 783 3943 943 3990; x_wconf 82' lang='lat' dir='ltr'>securusetr&#39;n</span> <span class='ocrx_word' id='word_1_400' title='bbox 953 3951 1067 4006; x_wconf 80' lang='lat' dir='ltr'>utrunque</span> <span class='ocrx_word' id='word_1_401' title='bbox 1076 3951 1177 4005; x_wconf 83' lang='lat' dir='ltr'>paratus.</span> 
     </span>
     <span class='ocr_line' id='line_1_43' title="bbox 141 4007 1287 4074; baseline 0.005 -19"><span class='ocrx_word' id='word_1_402' title='bbox 141 4020 178 4055; x_wconf 79' lang='lat' dir='ltr'>ne</span> <span class='ocrx_word' id='word_1_403' title='bbox 189 4008 297 4061; x_wconf 82' lang='lat' dir='ltr'>amandas</span> <span class='ocrx_word' id='word_1_404' title='bbox 307 4008 404 4068; x_wconf 86' lang='lat' dir='ltr'>etquasi</span> <span class='ocrx_word' id='word_1_405' title='bbox 414 4022 456 4066; x_wconf 91' lang='lat' dir='ltr'>per</span> <span class='ocrx_word' id='word_1_406' title='bbox 465 4008 591 4054; x_wconf 83' lang='lat' dir='ltr'>divortium</span> <span class='ocrx_word' id='word_1_407' title='bbox 602 4007 679 4053; x_wconf 89' lang='lat' dir='ltr'>dimit·</span> <span class='ocrx_word' id='word_1_408' title='bbox 738 4008 794 4054; x_wconf 88' lang='grc'>771,</span> <span class='ocrx_word' id='word_1_409' title='bbox 818 4007 903 4055; x_wconf 81' lang='lat' dir='ltr'>Secura</span> <span class='ocrx_word' id='word_1_410' title='bbox 923 4009 1020 4066; x_wconf 71' lang='lat' dir='ltr'>tudetem,</span> <span class='ocrx_word' id='word_1_411' title='bbox 1042 4008 1244 4074; x_wconf 58' lang='lat' dir='ltr'>&amp;apumque</span> <span class='ocrx_word' id='word_1_412' title='bbox 1285 4029 1287 4033; x_wconf 74' lang='grc'>’</span> 
     </span>
     <span class='ocr_line' id='line_1_44' title="bbox 141 4071 1244 4132; baseline 0.003 -14"><span class='ocrx_word' id='word_1_413' title='bbox 141 4073 172 4120; x_wconf 87' lang='lat' dir='ltr'>tis</span> <span class='ocrx_word' id='word_1_414' title='bbox 183 4088 211 4118; x_wconf 88' lang='lat' dir='ltr'>eo</span> <span class='ocrx_word' id='word_1_415' title='bbox 224 4073 286 4131; x_wconf 91' lang='lat' dir='ltr'>quod</span> <span class='ocrx_word' id='word_1_416' title='bbox 298 4073 376 4118; x_wconf 84' lang='lat' dir='ltr'>caeteri</span> <span class='ocrx_word' id='word_1_417' title='bbox 393 4087 473 4118; x_wconf 83' lang='lat' dir='ltr'>omnes</span> <span class='ocrx_word' id='word_1_418' title='bbox 487 4073 532 4132; x_wconf 84' lang='lat' dir='ltr'>p&#39;er</span> <span class='ocrx_word' id='word_1_419' title='bbox 542 4071 598 4119; x_wconf 90' lang='lat' dir='ltr'>belli</span> <span class='ocrx_word' id='word_1_420' title='bbox 612 4072 680 4130; x_wconf 88' lang='lat' dir='ltr'>hujus</span> <span class='ocrx_word' id='word_1_421' title='bbox 706 4085 759 4117; x_wconf 84' lang='lat' dir='ltr'>eum</span> <span class='ocrx_word' id='word_1_422' title='bbox 767 4071 823 4118; x_wconf 84' lang='lat' dir='ltr'>miti</span> <span class='ocrx_word' id='word_1_423' title='bbox 834 4071 933 4118; x_wconf 86' lang='lat' dir='ltr'>maxime</span> <span class='ocrx_word' id='word_1_424' title='bbox 944 4072 967 4118; x_wconf 90' lang='lat' dir='ltr'>iu</span> <span class='ocrx_word' id='word_1_425' title='bbox 986 4073 1047 4120; x_wconf 67' lang='lat' dir='ltr'>vittis</span> <span class='ocrx_word' id='word_1_426' title='bbox 1061 4075 1093 4123; x_wconf 88' lang='lat' dir='ltr'>sit</span> <span class='ocrx_word' id='word_1_427' title='bbox 1107 4090 1152 4122; x_wconf 87' lang='lat' dir='ltr'>uua</span> <span class='ocrx_word' id='word_1_428' title='bbox 1165 4083 1244 4124; x_wconf 84' lang='lat' dir='ltr'>tecum</span> 
     </span>
     <span class='ocr_line' id='line_1_45' title="bbox 140 4135 1244 4198; baseline 0.005 -14"><span class='ocrx_word' id='word_1_429' title='bbox 140 4137 185 4184; x_wconf 84' lang='lat' dir='ltr'>cir.</span> <span class='ocrx_word' id='word_1_430' title='bbox 203 4144 293 4198; x_wconf 88' lang='lat' dir='ltr'>tempus</span> <span class='ocrx_word' id='word_1_431' title='bbox 315 4137 359 4184; x_wconf 88' lang='lat' dir='ltr'>sibi</span> <span class='ocrx_word' id='word_1_432' title='bbox 372 4137 490 4197; x_wconf 26' lang='lat' dir='ltr'>luxembus</span> <span class='ocrx_word' id='word_1_433' title='bbox 509 4135 680 4193; x_wconf 78' lang='lat' dir='ltr'>interdixerint,</span> <span class='ocrx_word' id='word_1_434' title='bbox 706 4135 764 4183; x_wconf 83' lang='lat' dir='ltr'>mori</span> <span class='ocrx_word' id='word_1_435' title='bbox 775 4135 928 4196; x_wconf 79' lang='lat' dir='ltr'>potiusquam</span> <span class='ocrx_word' id='word_1_436' title='bbox 938 4137 1022 4184; x_wconf 85' lang='lat' dir='ltr'>misera</span> <span class='ocrx_word' id='word_1_437' title='bbox 1032 4146 1055 4185; x_wconf 89' lang='lat' dir='ltr'>et</span> <span class='ocrx_word' id='word_1_438' title='bbox 1064 4140 1130 4186; x_wconf 86' lang='lat' dir='ltr'>malis</span> <span class='ocrx_word' id='word_1_439' title='bbox 1141 4140 1244 4189; x_wconf 77' lang='lat' dir='ltr'>obnoxia</span> 
     </span>
     <span class='ocr_line' id='line_1_46' title="bbox 141 4200 1244 4262; baseline 0.004 -14"><span class='ocrx_word' id='word_1_440' title='bbox 141 4200 210 4248; x_wconf 89' lang='lat' dir='ltr'>modo</span> <span class='ocrx_word' id='word_1_441' title='bbox 223 4217 256 4248; x_wconf 85' lang='lat' dir='ltr'>rs.</span> <span class='ocrx_word' id='word_1_442' title='bbox 269 4204 325 4250; x_wconf 84' lang='grc'>749.</span> <span class='ocrx_word' id='word_1_443' title='bbox 706 4214 827 4261; x_wconf 82' lang='lat' dir='ltr'>superesse</span> <span class='ocrx_word' id='word_1_444' title='bbox 837 4201 895 4247; x_wconf 81' lang='lat' dir='ltr'>tibi:</span> <span class='ocrx_word' id='word_1_445' title='bbox 912 4208 937 4248; x_wconf 89' lang='lat' dir='ltr'>tn</span> <span class='ocrx_word' id='word_1_446' title='bbox 948 4202 1081 4259; x_wconf 84' lang='lat' dir='ltr'>me,sinete</span> <span class='ocrx_word' id='word_1_447' title='bbox 1093 4204 1182 4262; x_wconf 84' lang='lat' dir='ltr'>rivere,</span> <span class='ocrx_word' id='word_1_448' title='bbox 1193 4205 1244 4252; x_wconf 86' lang='lat' dir='ltr'>sine</span> 
     </span>
     <span class='ocr_line' id='line_1_47' title="bbox 174 4263 1244 4330; baseline 0.006 -19"><span class='ocrx_word' id='word_1_449' title='bbox 174 4268 230 4312; x_wconf 76' lang='grc'>764.</span> <span class='ocrx_word' id='word_1_450' title='bbox 249 4264 297 4312; x_wconf 83' lang='lat' dir='ltr'>Nee</span> <span class='ocrx_word' id='word_1_451' title='bbox 307 4266 354 4311; x_wconf 78' lang='lat' dir='ltr'>diri</span> <span class='ocrx_word' id='word_1_452' title='bbox 356 4264 403 4330; x_wconf 84' lang='lat' dir='ltr'>sur</span> <span class='ocrx_word' id='word_1_453' title='bbox 411 4263 518 4326; x_wconf 76' lang='lat' dir='ltr'>sumana]</span> <span class='ocrx_word' id='word_1_454' title='bbox 536 4266 591 4312; x_wconf 89' lang='lat' dir='ltr'>Non</span> <span class='ocrx_word' id='word_1_455' title='bbox 601 4263 681 4314; x_wconf 82' lang='lat' dir='ltr'>ultima</span> <span class='ocrx_word' id='word_1_456' title='bbox 706 4272 730 4311; x_wconf 84' lang='lat' dir='ltr'>te</span> <span class='ocrx_word' id='word_1_457' title='bbox 740 4265 798 4311; x_wconf 85' lang='lat' dir='ltr'>mori</span> <span class='ocrx_word' id='word_1_458' title='bbox 805 4266 878 4326; x_wconf 80' lang='lat' dir='ltr'>cogis.</span> <span class='ocrx_word' id='word_1_459' title='bbox 890 4281 1002 4327; x_wconf 72' lang='lat' dir='ltr'>quaecum</span> <span class='ocrx_word' id='word_1_460' title='bbox 1010 4267 1088 4316; x_wconf 87' lang='lat' dir='ltr'>malim</span> <span class='ocrx_word' id='word_1_461' title='bbox 1096 4274 1120 4314; x_wconf 87' lang='lat' dir='ltr'>te</span> <span class='ocrx_word' id='word_1_462' title='bbox 1127 4268 1157 4314; x_wconf 83' lang='lat' dir='ltr'>ad</span> <span class='ocrx_word' id='word_1_463' title='bbox 1165 4285 1244 4317; x_wconf 83' lang='lat' dir='ltr'>manes</span> 
     </span>
     <span class='ocr_line' id='line_1_48' title="bbox 139 4329 1244 4393; baseline 0.006 -18"><span class='ocrx_word' id='word_1_464' title='bbox 139 4331 203 4390; x_wconf 74' lang='lat' dir='ltr'>justa</span> <span class='ocrx_word' id='word_1_465' title='bbox 211 4330 377 4385; x_wconf 67' lang='lat' dir='ltr'>inebriamur</span> <span class='ocrx_word' id='word_1_466' title='bbox 386 4331 541 4392; x_wconf 84' lang='lat' dir='ltr'>sepulchrum.</span> <span class='ocrx_word' id='word_1_467' title='bbox 560 4329 679 4393; x_wconf 55' lang='grc'>86666166-</span> <span class='ocrx_word' id='word_1_468' title='bbox 705 4329 812 4384; x_wconf 77' lang='lat' dir='ltr'>comitari</span> <span class='ocrx_word' id='word_1_469' title='bbox 822 4345 890 4391; x_wconf 88' lang='lat' dir='ltr'>qnam</span> <span class='ocrx_word' id='word_1_470' title='bbox 905 4330 982 4392; x_wconf 84' lang='lat' dir='ltr'>sequi,</span> <span class='ocrx_word' id='word_1_471' title='bbox 994 4339 1063 4393; x_wconf 77' lang='lat' dir='ltr'>cogat</span> <span class='ocrx_word' id='word_1_472' title='bbox 1077 4338 1153 4381; x_wconf 70' lang='lat' dir='ltr'>mmor</span> <span class='ocrx_word' id='word_1_473' title='bbox 1162 4333 1244 4388; x_wconf 28' lang='lat' dir='ltr'>,tandiu</span> 
     </span>
     <span class='ocr_line' id='line_1_49' title="bbox 142 4389 1362 4472; baseline 0.006 -31"><span class='ocrx_word' id='word_1_474' title='bbox 142 4389 240 4460; x_wconf 80' lang='lat' dir='ltr'>quenti]</span> <span class='ocrx_word' id='word_1_475' title='bbox 257 4394 354 4457; x_wconf 72' lang='lat' dir='ltr'>Vulgari</span> <span class='ocrx_word' id='word_1_476' title='bbox 364 4394 488 4446; x_wconf 75' lang='lat' dir='ltr'>auratum</span> <span class='ocrx_word' id='word_1_477' title='bbox 498 4401 568 4456; x_wconf 81' lang='grc'>66666,</span> <span class='ocrx_word' id='word_1_478' title='bbox 579 4395 622 4444; x_wconf 82' lang='lat' dir='ltr'>hoa</span> <span class='ocrx_word' id='word_1_479' title='bbox 633 4399 679 4452; x_wconf 81' lang='lat' dir='ltr'>ert,</span> <span class='ocrx_word' id='word_1_480' title='bbox 705 4393 751 4443; x_wconf 81' lang='lat' dir='ltr'>tibi</span> <span class='ocrx_word' id='word_1_481' title='bbox 768 4409 890 4463; x_wconf 76' lang='lat' dir='ltr'>superesse</span> <span class='ocrx_word' id='word_1_482' title='bbox 908 4395 1162 4462; x_wconf 56' lang='lat' dir='ltr'>quadratisque</span> <span class='ocrx_word' id='word_1_483' title='bbox 1175 4412 1244 4453; x_wconf 76' lang='lat' dir='ltr'>emate</span> <span class='ocrx_word' id='word_1_484' title='bbox 1295 4461 1299 4472; x_wconf 25' lang='grc' dir='ltr'><em>Ι</em></span> <span class='ocrx_word' id='word_1_485' title='bbox 1357 4406 1362 4416; x_wconf 79' lang='lat'><strong><em>‘</em></strong></span> 
     </span>
    </p>
   </div>
   <div class='ocr_carea' id='block_1_8' title="bbox 0 0 1396 4860">
    <p class='ocr_par' dir='ltr' id='par_1_20' title="bbox 0 0 1396 4860">
     <span class='ocr_line' id='line_1_50' title="bbox 0 0 1396 4860; baseline 0 0"><span class='ocrx_word' id='word_1_486' title='bbox 0 0 1396 4860; x_wconf 95' lang='lat' dir='ltr'> </span> 
     </span>
    </p>
   </div>
  </div>
 </body>
</html>
