2784 4860
449 343 683 441 tuclus.
727 344 840 445 nin.
877 343 928 411 112

148 512 262 598 Majus
279 515 445 583 adulterio
460 517 632 584 delictum.
647 517 779 602 turpius
793 517 879 583 isset

144 624 248 708 (Quis
265 626 410 713 creditl)
427 627 513 711 justi
529 629 573 692 ad
587 629 755 695 thalamos
768 628 953 712 Cleopatra
966 627 1078 693 mariti
1088 649 1111 708 ς,
1213 700 1218 713 ,

146 735 258 817 thue
273 738 384 800 minus
398 738 488 802 lecto
500 744 670 821 peccaret,
687 739 841 804 adultera
855 740 948 804 facta
969 743 1032 815 est.

187 843 298 909 Poena
312 851 425 911 tamen
436 849 587 931 sequitur
599 869 608 928 ;
630 849 745 914 furtivi
759 849 882 932 pignus
897 848 1033 926 amoris,

146 942 304 1019 Caesareo
320 956 451 1034 infelix,
468 958 548 1022 fatis
564 964 744 1042 generatus
757 960 893 1041 iniquis·

144 1062 291 1128 Caesaris
306 1065 453 1148 Augusti
469 1067 570 1132 cadet
584 1069 666 1132 olim
680 1069 821 1134 victima
834 1068 922 1133 ferro

144 1171 322 1239 Caesareos
338 1177 475 1240 tristans
491 1182 637 1259 cognata
651 1178 748 1243 caede
763 1179 923 1244 Penates
992 1239 1002 1258 ,

184 1283 356 1367 Tempora
371 1286 456 1349 dum.
467 1286 592 1351 Phario
608 1287 740 1354 Ductor
750 1290 913 1374 dependit
921 1290 1028 1355 amori
1141 1276 1145 1286 ¹

141 1392 328 1471 Ausoniae,
346 1396 488 1477 Libycis
502 1396 622 1460 iterum
637 1397 825 1481 fragmenta
838 1399 947 1472 ruinae¹

142 1503 353 1571 'I'hessalicae
369 1508 466 1571 terris
482 1514 616 1586 coeunt,
632 1528 710 1592 quac
725 1528 867 1591 magnus
886 1508 1010 1591 agebat

142 1613 261 1699 Scipio
277 1618 348 1682 dux
362 1620 455 1682 belli.
472 1640 550 1684 cum
565 1640 633 1704 quo
648 1619 736 1708 (jam
751 1619 899 1685 Caesaris
912 1619 1037 1697 hostis,

143 1722 309 1801 Quamvis
324 1728 381 1791 ille
397 1733 516 1794 truces.
525 1732 626 1795 toties
642 1732 705 1795 sub
725 1728 861 1795 Caesare
878 1727 1000 1814 Gallos
1025 1798 1027 1803 ,

141 1833 340 1922 Stravisset)
361 1839 458 1902 fortis
474 1841 588 1904 stabat
601 1841 775 1905 Labienus
787 1840 824 1903 in
839 1838 953 1902 armis.

142 1944 211 2008 Hie
228 1953 367 2011 sanctus
383 1947 469 2012 Cato
480 1951 615 2032 privata
628 1969 697 2013 non
711 1949 866 2029 concitus
881 1947 943 2026 ira,

140 2055 208 2117 Sed
224 2057 343 2136 patriae
359 2058 555 2139 imperium,
564 2064 600 2122 et
613 2059 807 2123 communia
821 2059 919 2140 signa
933 2040 1071 2128 secutus

142 2164 288 2242 Militat3
311 2166 446 2249 injustis
462 2166 517 2230 hic
533 2170 601 2230 stat
615 2166 772 2250 Petrejus
786 2167 822 2232 in
833 2167 947 2249 armis,

142 2273 276 2337 Oblitus
286 2275 376 2352 fidei,
392 2276 488 2339 terris
504 2296 605 2359 quem
620 2274 738 2351 Caesar
752 2277 863 2347 Iberis

142 2383 315 2447 Donasset
329 2386 419 2464 vita;
443 2392 476 2449 et
491 2386 617 2464 Varus,
634 2388 690 2453 cui
706 2392 856 2463 cesserat
871 2386 982 2459 omnis

139 2492 278 2569 Affrica,
296 2493 460 2558 Romanis
472 2515 550 2577 quae
565 2501 636 2560 tum
647 2498 711 2560 sub
726 2496 880 2565 fascibus
895 2476 997 2577 esset,

141 2602 253 2682 Quam
269 2604 396 2668 ditione
411 2610 534 2687 potens
550 2606 631 2668 olim
648 2584 816 2688 Carthago
834 2606 983 2678 tenebat,
1118 2658 1121 2665 .

137 2713 301 2777 Delectas
317 2713 435 2796 Libyae
451 2719 589 2791 turmas,
605 2720 639 2778 et
653 2715 786 2785 Punica
800 2734 919 2783 secum

138 2824 286 2904 Agmina
302 2823 450 2887 ducebat
463 2823 588 2902 Varus,
597 2823 744 2905 ⁴fallacia
758 2824 874 2909 corda,

140 2935 295 2999 Membra
307 2935 419 2999 leves:
442 2935 553 3003 rubris
567 2933 676 3000 induti
689 2937 845 3002 vestibus
855 2938 952 3002 ibant

139 3047 186 3111 Ut
200 3046 312 3109 fusum
322 3045 357 3109 in
367 3047 458 3110 bello
474 3046 539 3110 hac
556 3021 704 3110 celarent
716 3053 786 3112 arte
802 3066 965 3113 cruorem.

139 3157 210 3221 Sub
227 3157 320 3220 Varo
335 3155 485 3238 populos
500 3156 691 3220 sitientibus
706 3157 803 3221 arida
815 3157 913 3223 venis

135 3268 268 3351 cyrene
285 3268 461 3349 Barceque
477 3287 558 3332 suos
574 3267 618 3331 ad
631 3266 756 3351 proelia
770 3267 916 3346 mittunt,

138 3378 294 3462 Quaeque
309 3377 404 3442 Afris
419 3379 556 3443 Siculos
570 3378 769 3464 permiscuit
781 3377 850 3443 AEa
868 3376 1020 3442 colonos.

136 3492 294 3558 Tabraca
309 3491 474 3554 bellantes
488 3490 592 3582 Tyrio
608 3490 650 3553 de
665 3488 828 3570 sanguine
842 3492 969 3552 turmas

138 3602 255 3675 Mittit,
271 3607 305 3663 ct
319 3601 459 3683 antiqua
467 3599 670 3664 Phoenicum
684 3599 788 3683 stirpe
803 3603 936 3665 creatos

137 3712 208 3777 Dat
221 3711 370 3792 populos
381 3709 522 3792 Libycis
537 3709 681 3775 dilectus
694 3709 830 3791 regibus
845 3707 989 3790 Hippo-3

136 3822 251 3906 Atque
267 3821 381 3898 Utica,
396 3825 431 3884 et
445 3826 538 3886 tanto
552 3821 713 3906 Thapsus
727 3825 809 3905 post
821 3819 949 3922 inclyta
961 3796 1081 3911 bello.-¹

178 3932 329 3998 Advenit
343 3932 396 3996 his
412 3932 543 4015 Libyco
557 3952 673 4016 regum
686 3931 709 3995 J
711 3933 779 3995 uba
792 3930 962 4022 maximus
976 3928 1069 4011 orbe,

136 4045 206 4123 Qui
216 4043 289 4126 jam
306 4042 465 4106 Caesarea
478 4043 595 4106 laetum
609 4042 652 4106 de
668 4041 766 4106 clade
774 4037 978 4122 triumphum

136 4157 311 4232 Duxerat3
334 4153 454 4218 infelix
468 4153 595 4218 cecidit
608 4172 687 4217 cum
705 4151 810 4245 Curia
818 4147 940 4233 fraude

136 4267 323 4350 Deceptus.
339 4265 477 4330 domino
491 4263 670 4350 imperium
684 4281 753 4328 non
766 4259 945 4353 latiusulli

1184 342 1262 423 Q.
