<?xml version="1.0" encoding="UTF-8"?>
<!DOCTYPE html PUBLIC "-//W3C//DTD XHTML 1.0 Transitional//EN"
    "http://www.w3.org/TR/xhtml1/DTD/xhtml1-transitional.dtd">
<html xmlns="http://www.w3.org/1999/xhtml" xml:lang="en" lang="en">
 <head>
  <title>
</title>
<meta http-equiv="Content-Type" content="text/html;charset=utf-8" />
  <meta name='ocr-system' content='tesseract 3.04.00' />
  <meta name='ocr-capabilities' content='ocr_page ocr_carea ocr_par ocr_line ocrx_word'/>
</head>
<body>
  <div class='ocr_page' id='page_1' title='image "./mannaeuslucanus00grotgoog/mannaeuslucanus00grotgoog_0634.png"; bbox 0 0 2784 4860; ppageno 0'>
   <div class='ocr_carea' id='block_1_1' title="bbox 510 335 868 402">
    <p class='ocr_par' dir='ltr' id='par_1_1' title="bbox 510 335 868 402">
     <span class='ocr_line' id='line_1_1' title="bbox 510 335 868 402; baseline 0 -2"><span class='ocrx_word' id='word_1_1' title='bbox 510 338 564 402; x_wconf 87' lang='lat' dir='ltr'><strong>IN</strong></span> <span class='ocrx_word' id='word_1_2' title='bbox 599 335 868 402; x_wconf 86' lang='lat' dir='ltr'><strong>LUCANUM.</strong></span> 
     </span>
    </p>
   </div>
   <div class='ocr_carea' id='block_1_2' title="bbox 173 499 1333 580">
    <p class='ocr_par' dir='ltr' id='par_1_2' title="bbox 173 499 1333 580">
     <span class='ocr_line' id='line_1_2' title="bbox 173 499 1333 580; baseline -0.003 -22"><span class='ocrx_word' id='word_1_3' title='bbox 173 507 237 558; x_wconf 77' lang='lat' dir='ltr'><strong>liam</strong></span> <span class='ocrx_word' id='word_1_4' title='bbox 250 507 337 566; x_wconf 79' lang='lat'><em>1,907.</em></span> <span class='ocrx_word' id='word_1_5' title='bbox 355 511 380 566; x_wconf 85' lang='lat'><strong>9,</strong></span> <span class='ocrx_word' id='word_1_6' title='bbox 391 511 430 558; x_wconf 80' lang='lat'><strong>93.</strong></span> <span class='ocrx_word' id='word_1_7' title='bbox 441 509 557 571; x_wconf 62' lang='lat' dir='ltr'><strong>vestigia,</strong></span> <span class='ocrx_word' id='word_1_8' title='bbox 590 512 673 565; x_wconf 64' lang='lat'><strong>4443</strong></span> <span class='ocrx_word' id='word_1_9' title='bbox 731 513 793 557; x_wconf 79' lang='lat'><em>997.</em></span> <span class='ocrx_word' id='word_1_10' title='bbox 805 509 885 572; x_wconf 91' lang='lat' dir='ltr'><strong>populi</strong></span> <span class='ocrx_word' id='word_1_11' title='bbox 894 499 971 556; x_wconf 79' lang='lat' dir='ltr'><strong>dubiae</strong></span> <span class='ocrx_word' id='word_1_12' title='bbox 986 508 1040 557; x_wconf 79' lang='lat' dir='ltr'><strong>fidei</strong></span> <span class='ocrx_word' id='word_1_13' title='bbox 1055 522 1107 556; x_wconf 87' lang='lat' dir='ltr'><strong>cum</strong></span> <span class='ocrx_word' id='word_1_14' title='bbox 1122 508 1180 556; x_wconf 80' lang='lat' dir='ltr'><strong>mari</strong></span> <span class='ocrx_word' id='word_1_15' title='bbox 1191 512 1238 557; x_wconf 82' lang='lat' dir='ltr'><strong>tur-</strong></span> <span class='ocrx_word' id='word_1_16' title='bbox 1278 503 1285 508; x_wconf 36' lang='lat'><em>*</em></span> <span class='ocrx_word' id='word_1_17' title='bbox 1329 573 1333 580; x_wconf 32' lang='grc' dir='ltr'><strong><em>Ι</em></strong></span> 
     </span>
    </p>
   </div>
   <div class='ocr_carea' id='block_1_3' title="bbox 140 574 1294 891">
    <p class='ocr_par' dir='ltr' id='par_1_3' title="bbox 141 574 1239 634">
     <span class='ocr_line' id='line_1_3' title="bbox 141 574 1239 634; baseline -0.001 -12"><span class='ocrx_word' id='word_1_18' title='bbox 141 577 234 623; x_wconf 77' lang='lat' dir='ltr'><strong>Collina</strong></span> <span class='ocrx_word' id='word_1_19' title='bbox 244 575 430 634; x_wconf 88' lang='lat' dir='ltr'><strong>portaRomana.</strong></span> <span class='ocrx_word' id='word_1_20' title='bbox 592 578 672 628; x_wconf 88' lang='grc'><strong>3,135</strong></span> <span class='ocrx_word' id='word_1_21' title='bbox 737 576 800 622; x_wconf 91' lang='lat' dir='ltr'><strong>bido.</strong></span> <span class='ocrx_word' id='word_1_22' title='bbox 818 579 873 622; x_wconf 87' lang='lat'><em>454.</em></span> <span class='ocrx_word' id='word_1_23' title='bbox 886 575 967 620; x_wconf 90' lang='lat' dir='ltr'><strong>classis</strong></span> <span class='ocrx_word' id='word_1_24' title='bbox 983 574 1089 632; x_wconf 88' lang='lat' dir='ltr'><strong>Pompeii</strong></span> <span class='ocrx_word' id='word_1_25' title='bbox 1106 575 1239 621; x_wconf 84' lang='lat' dir='ltr'>Brundusio</span> 
     </span>
    </p>

    <p class='ocr_par' dir='ltr' id='par_1_4' title="bbox 142 639 1294 765">
     <span class='ocr_line' id='line_1_4' title="bbox 142 639 1238 700; baseline 0 -15"><span class='ocrx_word' id='word_1_26' title='bbox 142 640 295 692; x_wconf 87' lang='lat' dir='ltr'><strong>collis,solum</strong></span> <span class='ocrx_word' id='word_1_27' title='bbox 303 641 348 685; x_wconf 89' lang='lat' dir='ltr'><strong>leni</strong></span> <span class='ocrx_word' id='word_1_28' title='bbox 358 640 444 684; x_wconf 88' lang='lat' dir='ltr'><strong>tumulo</strong></span> <span class='ocrx_word' id='word_1_29' title='bbox 451 653 592 684; x_wconf 80' lang='lat' dir='ltr'>excrescens.</span> <span class='ocrx_word' id='word_1_30' title='bbox 603 643 671 695; x_wconf 93' lang='lat'><em>4,11.</em></span> <span class='ocrx_word' id='word_1_31' title='bbox 737 639 826 684; x_wconf 89' lang='lat' dir='ltr'><strong>duabus</strong></span> <span class='ocrx_word' id='word_1_32' title='bbox 835 639 956 698; x_wconf 78' lang='lat' dir='ltr'><strong>postremis</strong></span> <span class='ocrx_word' id='word_1_33' title='bbox 967 639 1063 685; x_wconf 84' lang='lat' dir='ltr'><strong>navibus</strong></span> <span class='ocrx_word' id='word_1_34' title='bbox 1073 645 1161 700; x_wconf 75' lang='lat' dir='ltr'><strong>tanturn</strong></span> <span class='ocrx_word' id='word_1_35' title='bbox 1170 639 1238 685; x_wconf 80' lang='lat' dir='ltr'><strong>amis·</strong></span> 
     </span>
     <span class='ocr_line' id='line_1_5' title="bbox 174 699 1294 765; baseline 0 -16"><span class='ocrx_word' id='word_1_36' title='bbox 174 704 246 749; x_wconf 86' lang='lat' dir='ltr'><strong>colles</strong></span> <span class='ocrx_word' id='word_1_37' title='bbox 258 699 321 749; x_wconf 84' lang='lat' dir='ltr'><strong>sicci.</strong></span> <span class='ocrx_word' id='word_1_38' title='bbox 340 709 363 758; x_wconf 90' lang='lat'><strong>4,</strong></span> <span class='ocrx_word' id='word_1_39' title='bbox 374 703 421 752; x_wconf 83' lang='lat'><em>963</em></span> <span class='ocrx_word' id='word_1_40' title='bbox 738 704 770 748; x_wconf 89' lang='lat' dir='ltr'><strong>sis</strong></span> <span class='ocrx_word' id='word_1_41' title='bbox 782 704 892 749; x_wconf 79' lang='lat' dir='ltr'><strong>evadente</strong></span> <span class='ocrx_word' id='word_1_42' title='bbox 901 718 953 748; x_wconf 89' lang='lat' dir='ltr'><strong>cum</strong></span> <span class='ocrx_word' id='word_1_43' title='bbox 962 707 1024 762; x_wconf 85' lang='lat' dir='ltr'><strong>Argo</strong></span> <span class='ocrx_word' id='word_1_44' title='bbox 1035 717 1093 748; x_wconf 86' lang='lat' dir='ltr'><strong>nave</strong></span> <span class='ocrx_word' id='word_1_45' title='bbox 1103 703 1164 748; x_wconf 88' lang='lat' dir='ltr'><strong>iuter</strong></span> <span class='ocrx_word' id='word_1_46' title='bbox 1172 704 1238 765; x_wconf 74' lang='lat' dir='ltr'><strong>Sym·</strong></span> <span class='ocrx_word' id='word_1_47' title='bbox 1291 746 1294 754; x_wconf 82' lang='grc'><strong>,</strong></span> 
     </span>
    </p>

    <p class='ocr_par' dir='ltr' id='par_1_5' title="bbox 142 767 920 827">
     <span class='ocr_line' id='line_1_6' title="bbox 142 767 920 827; baseline 0 -14"><span class='ocrx_word' id='word_1_48' title='bbox 142 769 269 826; x_wconf 85' lang='lat' dir='ltr'>Colophon,</span> <span class='ocrx_word' id='word_1_49' title='bbox 279 770 351 814; x_wconf 74' lang='lat' dir='ltr'><strong>Ionias</strong></span> <span class='ocrx_word' id='word_1_50' title='bbox 360 769 415 813; x_wconf 87' lang='lat' dir='ltr'><strong>urbs</strong></span> <span class='ocrx_word' id='word_1_51' title='bbox 423 767 527 812; x_wconf 86' lang='lat' dir='ltr'><strong>celebris.</strong></span> <span class='ocrx_word' id='word_1_52' title='bbox 594 769 616 822; x_wconf 90' lang='lat'><strong>8,</strong></span> <span class='ocrx_word' id='word_1_53' title='bbox 626 771 672 816; x_wconf 85' lang='lat'><em>946</em></span> <span class='ocrx_word' id='word_1_54' title='bbox 736 769 854 827; x_wconf 86' lang='lat' dir='ltr'><strong>plegadas.</strong></span> <span class='ocrx_word' id='word_1_55' title='bbox 872 769 920 813; x_wconf 87' lang='lat'><strong>715</strong></span> 
     </span>
    </p>

    <p class='ocr_par' dir='ltr' id='par_1_6' title="bbox 140 829 1238 891">
     <span class='ocr_line' id='line_1_7' title="bbox 140 829 1238 891; baseline -0.001 -15"><span class='ocrx_word' id='word_1_56' title='bbox 140 831 223 885; x_wconf 88' lang='lat' dir='ltr'><strong>coloni,</strong></span> <span class='ocrx_word' id='word_1_57' title='bbox 240 832 325 879; x_wconf 76' lang='lat' dir='ltr'>milites</span> <span class='ocrx_word' id='word_1_58' title='bbox 337 831 425 878; x_wconf 83' lang='lat' dir='ltr'><strong>emeriti</strong></span> <span class='ocrx_word' id='word_1_59' title='bbox 441 838 464 876; x_wconf 89' lang='lat' dir='ltr'><strong>et</strong></span> <span class='ocrx_word' id='word_1_60' title='bbox 481 831 583 877; x_wconf 89' lang='lat' dir='ltr'><strong>veterani</strong></span> <span class='ocrx_word' id='word_1_61' title='bbox 599 833 622 876; x_wconf 93' lang='lat' dir='ltr'><strong>in</strong></span> <span class='ocrx_word' id='word_1_62' title='bbox 635 847 673 877; x_wconf 91' lang='lat' dir='ltr'><strong>cc·</strong></span> <span class='ocrx_word' id='word_1_63' title='bbox 699 832 851 891; x_wconf 87' lang='lat' dir='ltr'><strong>Comparatio</strong></span> <span class='ocrx_word' id='word_1_64' title='bbox 862 831 959 876; x_wconf 91' lang='lat' dir='ltr'><strong>militum</strong></span> <span class='ocrx_word' id='word_1_65' title='bbox 970 837 1024 889; x_wconf 86' lang='lat' dir='ltr'><strong>post</strong></span> <span class='ocrx_word' id='word_1_66' title='bbox 1034 829 1139 876; x_wconf 78' lang='lat' dir='ltr'><strong>inducias</strong></span> <span class='ocrx_word' id='word_1_67' title='bbox 1150 830 1238 876; x_wconf 84' lang='lat' dir='ltr'><strong>adbel·</strong></span> 
     </span>
    </p>
   </div>
   <div class='ocr_carea' id='block_1_4' title="bbox 138 895 673 2614">
    <p class='ocr_par' dir='ltr' id='par_1_7' title="bbox 138 895 673 2614">
     <span class='ocr_line' id='line_1_8' title="bbox 172 895 672 951; baseline 0.004 -11"><span class='ocrx_word' id='word_1_68' title='bbox 172 895 247 941; x_wconf 90' lang='lat' dir='ltr'><strong>lonias</strong></span> <span class='ocrx_word' id='word_1_69' title='bbox 266 897 367 951; x_wconf 87' lang='lat' dir='ltr'><strong>deducti,</strong></span> <span class='ocrx_word' id='word_1_70' title='bbox 386 896 450 950; x_wconf 91' lang='lat' dir='ltr'><strong>item,</strong></span> <span class='ocrx_word' id='word_1_71' title='bbox 468 896 532 940; x_wconf 90' lang='lat' dir='ltr'><strong>missi</strong></span> <span class='ocrx_word' id='word_1_72' title='bbox 550 896 578 940; x_wconf 90' lang='lat' dir='ltr'><strong>ad</strong></span> <span class='ocrx_word' id='word_1_73' title='bbox 597 896 672 942; x_wconf 90' lang='lat' dir='ltr'><strong>locum</strong></span> 
     </span>
     <span class='ocr_line' id='line_1_9' title="bbox 173 960 672 1018; baseline 0.006 -14"><span class='ocrx_word' id='word_1_74' title='bbox 173 960 271 1018; x_wconf 80' lang='lat' dir='ltr'><strong>aliquem</strong></span> <span class='ocrx_word' id='word_1_75' title='bbox 291 961 443 1006; x_wconf 88' lang='lat' dir='ltr'><strong>incolendum.</strong></span> <span class='ocrx_word' id='word_1_76' title='bbox 469 963 492 1014; x_wconf 85' lang='lat'><em>1,</em></span> <span class='ocrx_word' id='word_1_77' title='bbox 503 963 559 1008; x_wconf 88' lang='lat'><em>346.</em></span> <span class='ocrx_word' id='word_1_78' title='bbox 581 965 605 1017; x_wconf 85' lang='lat'><strong>4,</strong></span> <span class='ocrx_word' id='word_1_79' title='bbox 616 963 672 1010; x_wconf 86' lang='grc'><strong>397.</strong></span> 
     </span>
     <span class='ocr_line' id='line_1_10' title="bbox 174 1027 255 1077; baseline 0.049 -9"><span class='ocrx_word' id='word_1_80' title='bbox 174 1027 199 1077; x_wconf 92' lang='grc'><strong>7,</strong></span> <span class='ocrx_word' id='word_1_81' title='bbox 208 1029 255 1072; x_wconf 87' lang='grc'><strong>358</strong></span> 
     </span>
     <span class='ocr_line' id='line_1_11' title="bbox 140 1089 672 1149; baseline 0 -16"><span class='ocrx_word' id='word_1_82' title='bbox 140 1089 206 1134; x_wconf 87' lang='lat' dir='ltr'><strong>color</strong></span> <span class='ocrx_word' id='word_1_83' title='bbox 216 1090 315 1148; x_wconf 81' lang='lat' dir='ltr'><strong>imperii,</strong></span> <span class='ocrx_word' id='word_1_84' title='bbox 327 1089 425 1149; x_wconf 83' lang='lat' dir='ltr'><strong>species.</strong></span> <span class='ocrx_word' id='word_1_85' title='bbox 591 1091 615 1142; x_wconf 88' lang='lat'><strong>9,</strong></span> <span class='ocrx_word' id='word_1_86' title='bbox 625 1091 672 1136; x_wconf 84' lang='lat'><em>907</em></span> 
     </span>
     <span class='ocr_line' id='line_1_12' title="bbox 140 1154 672 1207; baseline 0.002 -10"><span class='ocrx_word' id='word_1_87' title='bbox 140 1154 205 1198; x_wconf 82' lang='lat' dir='ltr'><strong>color</strong></span> <span class='ocrx_word' id='word_1_88' title='bbox 214 1154 281 1199; x_wconf 87' lang='lat' dir='ltr'><strong>lucis.</strong></span> <span class='ocrx_word' id='word_1_89' title='bbox 592 1156 672 1207; x_wconf 68' lang='lat'><em>6898</em></span> 
     </span>
     <span class='ocr_line' id='line_1_13' title="bbox 139 1217 672 1276; baseline 0.004 -15"><span class='ocrx_word' id='word_1_90' title='bbox 139 1217 243 1272; x_wconf 81' lang='lat' dir='ltr'><strong>coluber,</strong></span> <span class='ocrx_word' id='word_1_91' title='bbox 258 1225 289 1272; x_wconf 82' lang='lat' dir='ltr'><strong>et,</strong></span> <span class='ocrx_word' id='word_1_92' title='bbox 301 1219 401 1274; x_wconf 89' lang='lat' dir='ltr'><strong>colubra,</strong></span> <span class='ocrx_word' id='word_1_93' title='bbox 419 1233 513 1276; x_wconf 89' lang='lat' dir='ltr'><strong>serpens</strong></span> <span class='ocrx_word' id='word_1_94' title='bbox 525 1217 548 1261; x_wconf 92' lang='lat' dir='ltr'><strong>in</strong></span> <span class='ocrx_word' id='word_1_95' title='bbox 561 1219 672 1263; x_wconf 83' lang='lat' dir='ltr'><strong>umbrosis</strong></span> 
     </span>
     <span class='ocr_line' id='line_1_14' title="bbox 173 1276 577 1342; baseline 0.005 -16"><span class='ocrx_word' id='word_1_96' title='bbox 173 1289 298 1335; x_wconf 85' lang='lat' dir='ltr'><strong>nemorum,</strong></span> <span class='ocrx_word' id='word_1_97' title='bbox 316 1285 346 1342; x_wconf 65' lang='grc' dir='ltr'><strong>ἠ,</strong></span> <span class='ocrx_word' id='word_1_98' title='bbox 358 1287 414 1337; x_wconf 89' lang='grc'><strong>489,</strong></span> <span class='ocrx_word' id='word_1_99' title='bbox 427 1285 481 1331; x_wconf 86' lang='grc'><strong>664.</strong></span> <span class='ocrx_word' id='word_1_100' title='bbox 495 1276 517 1335; x_wconf 92' lang='grc'><strong>9,</strong></span> <span class='ocrx_word' id='word_1_101' title='bbox 529 1283 577 1329; x_wconf 83' lang='grc'><strong>634</strong></span> 
     </span>
     <span class='ocr_line' id='line_1_15' title="bbox 139 1346 671 1398; baseline -0.006 -6"><span class='ocrx_word' id='word_1_102' title='bbox 139 1346 301 1392; x_wconf 79' lang='lat' dir='ltr'><strong>colubriferum</strong></span> <span class='ocrx_word' id='word_1_103' title='bbox 312 1349 396 1393; x_wconf 89' lang='lat' dir='ltr'><strong>collum</strong></span> <span class='ocrx_word' id='word_1_104' title='bbox 408 1348 519 1392; x_wconf 77' lang='lat' dir='ltr'><strong>Medusae.</strong></span> <span class='ocrx_word' id='word_1_105' title='bbox 592 1347 616 1398; x_wconf 89' lang='lat'><strong>9,</strong></span> <span class='ocrx_word' id='word_1_106' title='bbox 624 1347 671 1392; x_wconf 87' lang='lat'><strong>677</strong></span> 
     </span>
     <span class='ocr_line' id='line_1_16' title="bbox 139 1409 672 1471; baseline -0.002 -17"><span class='ocrx_word' id='word_1_107' title='bbox 139 1411 258 1455; x_wconf 77' lang='lat' dir='ltr'><strong>Columnae</strong></span> <span class='ocrx_word' id='word_1_108' title='bbox 277 1413 405 1471; x_wconf 75' lang='lat' dir='ltr'><strong>Hesperiae,</strong></span> <span class='ocrx_word' id='word_1_109' title='bbox 427 1410 544 1465; x_wconf 87' lang='lat' dir='ltr'><strong>Herculis,</strong></span> <span class='ocrx_word' id='word_1_110' title='bbox 564 1409 617 1469; x_wconf 87' lang='lat' dir='ltr'><strong>quia</strong></span> <span class='ocrx_word' id='word_1_111' title='bbox 643 1411 672 1454; x_wconf 88' lang='lat' dir='ltr'><strong>ad</strong></span> 
     </span>
     <span class='ocr_line' id='line_1_17' title="bbox 172 1475 672 1528; baseline 0 -9"><span class='ocrx_word' id='word_1_112' title='bbox 172 1475 330 1520; x_wconf 75' lang='lat' dir='ltr'><strong>Occidentem.</strong></span> <span class='ocrx_word' id='word_1_113' title='bbox 588 1476 612 1528; x_wconf 89' lang='lat'><strong>9,</strong></span> <span class='ocrx_word' id='word_1_114' title='bbox 624 1475 672 1520; x_wconf 85' lang='lat'><strong>654</strong></span> 
     </span>
     <span class='ocr_line' id='line_1_18' title="bbox 138 1538 671 1598; baseline -0.004 -14"><span class='ocrx_word' id='word_1_115' title='bbox 138 1538 250 1584; x_wconf 77' lang='lat' dir='ltr'><strong>columna</strong></span> <span class='ocrx_word' id='word_1_116' title='bbox 261 1540 334 1598; x_wconf 74' lang='lat' dir='ltr'><strong>igneae</strong></span> <span class='ocrx_word' id='word_1_117' title='bbox 345 1540 368 1584; x_wconf 92' lang='lat' dir='ltr'><strong>in</strong></span> <span class='ocrx_word' id='word_1_118' title='bbox 380 1554 438 1586; x_wconf 91' lang='lat' dir='ltr'><strong>aere.</strong></span> <span class='ocrx_word' id='word_1_119' title='bbox 592 1540 616 1592; x_wconf 90' lang='lat'><strong>7,</strong></span> <span class='ocrx_word' id='word_1_120' title='bbox 625 1540 671 1584; x_wconf 87' lang='lat'><strong>155</strong></span> 
     </span>
     <span class='ocr_line' id='line_1_19' title="bbox 140 1604 671 1656; baseline -0.002 -9"><span class='ocrx_word' id='word_1_121' title='bbox 140 1617 212 1647; x_wconf 77' lang='lat' dir='ltr'><strong>comae</strong></span> <span class='ocrx_word' id='word_1_122' title='bbox 224 1606 387 1649; x_wconf 88' lang='lat' dir='ltr'><strong>Germanorum</strong></span> <span class='ocrx_word' id='word_1_123' title='bbox 397 1604 480 1651; x_wconf 71' lang='lat' dir='ltr'><strong>rutila.</strong></span> <span class='ocrx_word' id='word_1_124' title='bbox 574 1605 671 1656; x_wconf 88' lang='grc'><strong>10,130</strong></span> 
     </span>
     <span class='ocr_line' id='line_1_20' title="bbox 140 1665 672 1726; baseline 0.002 -15"><span class='ocrx_word' id='word_1_125' title='bbox 140 1665 244 1720; x_wconf 89' lang='lat' dir='ltr'><strong>Comata,</strong></span> <span class='ocrx_word' id='word_1_126' title='bbox 266 1669 317 1713; x_wconf 90' lang='lat' dir='ltr'><strong>sub.</strong></span> <span class='ocrx_word' id='word_1_127' title='bbox 337 1670 424 1715; x_wconf 87' lang='lat' dir='ltr'><strong>Gallia:</strong></span> <span class='ocrx_word' id='word_1_128' title='bbox 441 1666 589 1726; x_wconf 75' lang='lat' dir='ltr'><strong>Transalpina</strong></span> <span class='ocrx_word' id='word_1_129' title='bbox 599 1667 672 1724; x_wconf 89' lang='lat' dir='ltr'><strong>potis-</strong></span> 
     </span>
     <span class='ocr_line' id='line_1_21' title="bbox 172 1731 649 1792; baseline -0.006 -15"><span class='ocrx_word' id='word_1_130' title='bbox 172 1731 262 1786; x_wconf 88' lang='lat' dir='ltr'><strong>simum,</strong></span> <span class='ocrx_word' id='word_1_131' title='bbox 286 1738 309 1776; x_wconf 89' lang='lat' dir='ltr'><strong>et</strong></span> <span class='ocrx_word' id='word_1_132' title='bbox 335 1733 495 1792; x_wconf 73' lang='lat' dir='ltr'>Transpadana</span> <span class='ocrx_word' id='word_1_133' title='bbox 521 1731 649 1792; x_wconf 76' lang='lat' dir='ltr'><strong>Cisalpina.</strong></span> 
     </span>
     <span class='ocr_line' id='line_1_22' title="bbox 171 1798 568 1849; baseline 0.008 -10"><span class='ocrx_word' id='word_1_134' title='bbox 171 1798 194 1848; x_wconf 91' lang='lat'><em>1,</em></span> <span class='ocrx_word' id='word_1_135' title='bbox 206 1798 254 1841; x_wconf 78' lang='lat'><strong>443</strong></span> <span class='ocrx_word' id='word_1_136' title='bbox 565 1844 568 1849; x_wconf 53' lang='grc'><strong>,</strong></span> 
     </span>
     <span class='ocr_line' id='line_1_23' title="bbox 139 1861 671 1914; baseline 0.008 -10"><span class='ocrx_word' id='word_1_137' title='bbox 139 1874 217 1905; x_wconf 91' lang='lat' dir='ltr'><strong>comes</strong></span> <span class='ocrx_word' id='word_1_138' title='bbox 227 1861 250 1904; x_wconf 89' lang='lat' dir='ltr'><strong>in</strong></span> <span class='ocrx_word' id='word_1_139' title='bbox 263 1861 350 1906; x_wconf 77' lang='lat' dir='ltr'><strong>ductus.</strong></span> <span class='ocrx_word' id='word_1_140' title='bbox 591 1864 614 1914; x_wconf 88' lang='lat'><strong>8,</strong></span> <span class='ocrx_word' id='word_1_141' title='bbox 624 1861 671 1908; x_wconf 82' lang='lat'><strong>589</strong></span> 
     </span>
     <span class='ocr_line' id='line_1_24' title="bbox 140 1920 673 1985; baseline 0 -17"><span class='ocrx_word' id='word_1_142' title='bbox 140 1930 248 1980; x_wconf 83' lang='lat' dir='ltr'><strong>cometes,</strong></span> <span class='ocrx_word' id='word_1_143' title='bbox 261 1920 384 1970; x_wconf 88' lang='lat' dir='ltr'><strong>timendum</strong></span> <span class='ocrx_word' id='word_1_144' title='bbox 404 1925 475 1980; x_wconf 91' lang='lat' dir='ltr'><strong>sidus,</strong></span> <span class='ocrx_word' id='word_1_145' title='bbox 496 1924 585 1985; x_wconf 87' lang='lat' dir='ltr'><strong>signum</strong></span> <span class='ocrx_word' id='word_1_146' title='bbox 600 1930 673 1968; x_wconf 91' lang='lat' dir='ltr'><strong>muta·</strong></span> 
     </span>
     <span class='ocr_line' id='line_1_25' title="bbox 172 1987 671 2048; baseline 0.004 -15"><span class='ocrx_word' id='word_1_147' title='bbox 172 1987 241 2034; x_wconf 85' lang='lat' dir='ltr'><strong>tionis</strong></span> <span class='ocrx_word' id='word_1_148' title='bbox 252 2005 380 2048; x_wconf 87' lang='lat' dir='ltr'><strong>regnorum.</strong></span> <span class='ocrx_word' id='word_1_149' title='bbox 590 1993 614 2043; x_wconf 91' lang='lat'><em>1,</em></span> <span class='ocrx_word' id='word_1_150' title='bbox 623 1990 671 2036; x_wconf 84' lang='grc'><strong>538</strong></span> 
     </span>
     <span class='ocr_line' id='line_1_26' title="bbox 140 2052 670 2108; baseline 0.002 -11"><span class='ocrx_word' id='word_1_151' title='bbox 140 2052 283 2098; x_wconf 85' lang='lat' dir='ltr'><strong>comitiorum</strong></span> <span class='ocrx_word' id='word_1_152' title='bbox 295 2055 448 2099; x_wconf 84' lang='lat' dir='ltr'><strong>habendorum</strong></span> <span class='ocrx_word' id='word_1_153' title='bbox 459 2053 524 2098; x_wconf 86' lang='lat' dir='ltr'><strong>ritus.</strong></span> <span class='ocrx_word' id='word_1_154' title='bbox 590 2056 614 2108; x_wconf 91' lang='lat'><strong>5,</strong></span> <span class='ocrx_word' id='word_1_155' title='bbox 623 2056 670 2100; x_wconf 86' lang='grc'><strong>393</strong></span> 
     </span>
     <span class='ocr_line' id='line_1_27' title="bbox 139 2118 669 2177; baseline 0 -15"><span class='ocrx_word' id='word_1_156' title='bbox 139 2119 277 2162; x_wconf 78' lang='lat' dir='ltr'><strong>commercia</strong></span> <span class='ocrx_word' id='word_1_157' title='bbox 294 2119 382 2177; x_wconf 74' lang='lat' dir='ltr'><strong>linguae.</strong></span> <span class='ocrx_word' id='word_1_158' title='bbox 401 2125 424 2171; x_wconf 85' lang='lat'><strong>6,</strong></span> <span class='ocrx_word' id='word_1_159' title='bbox 433 2121 488 2162; x_wconf 89' lang='grc'><strong>701.</strong></span> <span class='ocrx_word' id='word_1_160' title='bbox 500 2119 523 2170; x_wconf 93' lang='grc'><strong>8,</strong></span> <span class='ocrx_word' id='word_1_161' title='bbox 532 2118 588 2162; x_wconf 86' lang='grc'><strong>348.</strong></span> <span class='ocrx_word' id='word_1_162' title='bbox 599 2118 669 2176; x_wconf 87' lang='lat' dir='ltr'><strong>pacti.</strong></span> 
     </span>
     <span class='ocr_line' id='line_1_28' title="bbox 139 2252 417 2293; baseline 0.011 -3"><span class='ocrx_word' id='word_1_163' title='bbox 139 2260 269 2292; x_wconf 85' lang='lat' dir='ltr'><strong>cornmeans</strong></span> <span class='ocrx_word' id='word_1_164' title='bbox 280 2252 338 2291; x_wconf 85' lang='lat' dir='ltr'><strong>aestu</strong></span> <span class='ocrx_word' id='word_1_165' title='bbox 349 2263 417 2293; x_wconf 90' lang='lat' dir='ltr'><strong>mare.</strong></span> 
     </span>
     <span class='ocr_line' id='line_1_29' title="bbox 141 2311 670 2365; baseline 0.009 -11"><span class='ocrx_word' id='word_1_166' title='bbox 141 2311 275 2363; x_wconf 86' lang='lat' dir='ltr'><strong>comminus,</strong></span> <span class='ocrx_word' id='word_1_167' title='bbox 286 2312 382 2356; x_wconf 88' lang='lat' dir='ltr'><strong>eminus.</strong></span> <span class='ocrx_word' id='word_1_168' title='bbox 588 2313 613 2365; x_wconf 82' lang='lat'><strong>4,</strong></span> <span class='ocrx_word' id='word_1_169' title='bbox 623 2313 670 2358; x_wconf 89' lang='grc'><strong>774</strong></span> 
     </span>
     <span class='ocr_line' id='line_1_30' title="bbox 140 2372 670 2427; baseline 0.006 -10"><span class='ocrx_word' id='word_1_170' title='bbox 140 2375 283 2420; x_wconf 86' lang='lat' dir='ltr'><strong>committere</strong></span> <span class='ocrx_word' id='word_1_171' title='bbox 295 2374 386 2419; x_wconf 84' lang='lat' dir='ltr'><strong>bellum.</strong></span> <span class='ocrx_word' id='word_1_172' title='bbox 399 2379 422 2427; x_wconf 91' lang='grc'><strong>7,</strong></span> <span class='ocrx_word' id='word_1_173' title='bbox 431 2377 486 2421; x_wconf 88' lang='grc'><strong>473.</strong></span> <span class='ocrx_word' id='word_1_174' title='bbox 495 2372 599 2419; x_wconf 91' lang='lat' dir='ltr'><strong>dominos</strong></span> <span class='ocrx_word' id='word_1_175' title='bbox 609 2389 670 2420; x_wconf 93' lang='lat' dir='ltr'><strong>com·</strong></span> 
     </span>
     <span class='ocr_line' id='line_1_31' title="bbox 172 2439 421 2498; baseline -0.004 -15"><span class='ocrx_word' id='word_1_176' title='bbox 172 2439 235 2484; x_wconf 89' lang='lat' dir='ltr'><strong>misit</strong></span> <span class='ocrx_word' id='word_1_177' title='bbox 245 2439 340 2498; x_wconf 79' lang='lat' dir='ltr'><strong>asylum.</strong></span> <span class='ocrx_word' id='word_1_178' title='bbox 359 2444 381 2492; x_wconf 91' lang='lat'><em>1,</em></span> <span class='ocrx_word' id='word_1_179' title='bbox 392 2443 421 2488; x_wconf 88' lang='lat'><em>97</em></span> 
     </span>
     <span class='ocr_line' id='line_1_32' title="bbox 139 2505 443 2564; baseline 0 -18"><span class='ocrx_word' id='word_1_180' title='bbox 139 2505 289 2557; x_wconf 80' lang='lat' dir='ltr'><strong>committere,</strong></span> <span class='ocrx_word' id='word_1_181' title='bbox 299 2506 443 2564; x_wconf 79' lang='lat' dir='ltr'><strong>conjungere.</strong></span> 
     </span>
     <span class='ocr_line' id='line_1_33' title="bbox 140 2569 352 2614; baseline 0.014 -3"><span class='ocrx_word' id='word_1_182' title='bbox 140 2569 282 2614; x_wconf 82' lang='lat' dir='ltr'><strong>committere</strong></span> <span class='ocrx_word' id='word_1_183' title='bbox 293 2569 352 2614; x_wconf 90' lang='lat' dir='ltr'><strong>fatis.</strong></span> 
     </span>
    </p>
   </div>
   <div class='ocr_carea' id='block_1_5' title="bbox 589 2505 670 2617">
    <p class='ocr_par' dir='ltr' id='par_1_8' title="bbox 589 2505 670 2617">
     <span class='ocr_line' id='line_1_34' title="bbox 589 2505 670 2557; baseline 0.037 -9"><span class='ocrx_word' id='word_1_184' title='bbox 589 2505 613 2557; x_wconf 95' lang='lat'><strong>3,</strong></span> <span class='ocrx_word' id='word_1_185' title='bbox 623 2506 670 2551; x_wconf 83' lang='lat'><em>389</em></span> 
     </span>
     <span class='ocr_line' id='line_1_35' title="bbox 590 2569 668 2617; baseline -0.013 -5"><span class='ocrx_word' id='word_1_186' title='bbox 590 2569 614 2617; x_wconf 85' lang='lat'><strong>3.</strong></span> <span class='ocrx_word' id='word_1_187' title='bbox 623 2571 668 2616; x_wconf 89' lang='lat'><strong>517</strong></span> 
     </span>
    </p>
   </div>
   <div class='ocr_carea' id='block_1_6' title="bbox 138 2698 671 2885">
    <p class='ocr_par' dir='ltr' id='par_1_9' title="bbox 138 2698 671 2885">
     <span class='ocr_line' id='line_1_36' title="bbox 139 2698 671 2756; baseline 0.002 -16"><span class='ocrx_word' id='word_1_188' title='bbox 139 2698 268 2741; x_wconf 86' lang='lat' dir='ltr'><strong>communia</strong></span> <span class='ocrx_word' id='word_1_189' title='bbox 277 2707 353 2742; x_wconf 78' lang='lat' dir='ltr'><strong>vesti-c</strong></span> <span class='ocrx_word' id='word_1_190' title='bbox 369 2699 463 2756; x_wconf 89' lang='lat' dir='ltr'><strong>populo,</strong></span> <span class='ocrx_word' id='word_1_191' title='bbox 478 2711 530 2740; x_wconf 89' lang='lat' dir='ltr'><strong>cum</strong></span> <span class='ocrx_word' id='word_1_192' title='bbox 541 2702 618 2741; x_wconf 87' lang='lat' dir='ltr'><strong>vestro</strong></span> <span class='ocrx_word' id='word_1_193' title='bbox 629 2712 671 2755; x_wconf 92' lang='lat' dir='ltr'><strong>po-</strong></span> 
     </span>
     <span class='ocr_line' id='line_1_37' title="bbox 159 2761 670 2835; baseline 0.004 -31"><span class='ocrx_word' id='word_1_194' title='bbox 159 2761 220 2835; x_wconf 51' lang='grc' dir='ltr'><strong>ζριιΙ.</strong></span> <span class='ocrx_word' id='word_1_195' title='bbox 232 2765 255 2815; x_wconf 89' lang='grc'><strong>3,</strong></span> <span class='ocrx_word' id='word_1_196' title='bbox 266 2765 322 2809; x_wconf 85' lang='grc'><strong>307.</strong></span> <span class='ocrx_word' id='word_1_197' title='bbox 333 2761 358 2806; x_wconf 93' lang='lat' dir='ltr'><strong>in</strong></span> <span class='ocrx_word' id='word_1_198' title='bbox 369 2775 487 2806; x_wconf 88' lang='lat' dir='ltr'><strong>commuue</strong></span> <span class='ocrx_word' id='word_1_199' title='bbox 499 2761 578 2804; x_wconf 87' lang='lat' dir='ltr'><strong>bonus.</strong></span> <span class='ocrx_word' id='word_1_200' title='bbox 591 2767 614 2813; x_wconf 84' lang='lat'><strong>9,</strong></span> <span class='ocrx_word' id='word_1_201' title='bbox 622 2764 670 2808; x_wconf 88' lang='grc'><strong>390</strong></span> 
     </span>
     <span class='ocr_line' id='line_1_38' title="bbox 138 2827 671 2885; baseline 0.006 -18"><span class='ocrx_word' id='word_1_202' title='bbox 138 2839 261 2885; x_wconf 80' lang='lat' dir='ltr'><strong>compages</strong></span> <span class='ocrx_word' id='word_1_203' title='bbox 272 2827 375 2870; x_wconf 86' lang='lat' dir='ltr'><strong>laterum.</strong></span> <span class='ocrx_word' id='word_1_204' title='bbox 591 2827 614 2879; x_wconf 89' lang='lat'><strong>3,</strong></span> <span class='ocrx_word' id='word_1_205' title='bbox 623 2827 671 2873; x_wconf 86' lang='grc'><strong>397</strong></span> 
     </span>
    </p>
   </div>
   <div class='ocr_carea' id='block_1_7' title="bbox 706 893 1243 2241">
    <p class='ocr_par' dir='ltr' id='par_1_10' title="bbox 735 893 1238 1715">
     <span class='ocr_line' id='line_1_39' title="bbox 736 893 1238 955; baseline 0 -15"><span class='ocrx_word' id='word_1_206' title='bbox 736 896 783 941; x_wconf 91' lang='lat' dir='ltr'><strong>lum</strong></span> <span class='ocrx_word' id='word_1_207' title='bbox 792 897 934 955; x_wconf 72' lang='lat' dir='ltr'><strong>redeuntium</strong></span> <span class='ocrx_word' id='word_1_208' title='bbox 944 908 995 940; x_wconf 90' lang='lat' dir='ltr'><strong>cum</strong></span> <span class='ocrx_word' id='word_1_209' title='bbox 1006 893 1060 940; x_wconf 90' lang='lat' dir='ltr'><strong>feris</strong></span> <span class='ocrx_word' id='word_1_210' title='bbox 1077 894 1238 940; x_wconf 73' lang='lat' dir='ltr'><strong>mansuefactis</strong></span> 
     </span>
     <span class='ocr_line' id='line_1_40' title="bbox 737 957 1238 1014; baseline -0.002 -9"><span class='ocrx_word' id='word_1_211' title='bbox 737 960 821 1006; x_wconf 88' lang='lat' dir='ltr'><strong>itemm</strong></span> <span class='ocrx_word' id='word_1_212' title='bbox 831 961 860 1005; x_wconf 86' lang='lat' dir='ltr'><strong>ad</strong></span> <span class='ocrx_word' id='word_1_213' title='bbox 869 959 956 1005; x_wconf 87' lang='lat' dir='ltr'><strong>rabiem</strong></span> <span class='ocrx_word' id='word_1_214' title='bbox 964 957 1089 1004; x_wconf 86' lang='lat' dir='ltr'><strong>conversis.</strong></span> <span class='ocrx_word' id='word_1_215' title='bbox 1097 961 1122 1014; x_wconf 89' lang='lat'><strong>4,</strong></span> <span class='ocrx_word' id='word_1_216' title='bbox 1131 957 1186 1004; x_wconf 88' lang='grc'><strong>337.</strong></span> <span class='ocrx_word' id='word_1_217' title='bbox 1195 959 1238 1004; x_wconf 88' lang='lat' dir='ltr'><strong>mi-</strong></span> 
     </span>
     <span class='ocr_line' id='line_1_41' title="bbox 737 1022 1238 1084; baseline 0 -16"><span class='ocrx_word' id='word_1_218' title='bbox 737 1024 804 1070; x_wconf 88' lang='lat' dir='ltr'><strong>litnm</strong></span> <span class='ocrx_word' id='word_1_219' title='bbox 820 1040 868 1084; x_wconf 87' lang='lat' dir='ltr'><strong>prae</strong></span> <span class='ocrx_word' id='word_1_220' title='bbox 879 1023 1040 1082; x_wconf 81' lang='lat' dir='ltr'><strong>desperatione</strong></span> <span class='ocrx_word' id='word_1_221' title='bbox 1051 1022 1127 1082; x_wconf 89' lang='lat' dir='ltr'><strong>primo</strong></span> <span class='ocrx_word' id='word_1_222' title='bbox 1138 1023 1238 1069; x_wconf 89' lang='lat' dir='ltr'><strong>concita·</strong></span> 
     </span>
     <span class='ocr_line' id='line_1_42' title="bbox 738 1087 1237 1147; baseline -0.002 -14"><span class='ocrx_word' id='word_1_223' title='bbox 738 1089 830 1144; x_wconf 89' lang='lat' dir='ltr'><strong>tiomm,</strong></span> <span class='ocrx_word' id='word_1_224' title='bbox 840 1095 895 1147; x_wconf 89' lang='lat' dir='ltr'><strong>post</strong></span> <span class='ocrx_word' id='word_1_225' title='bbox 903 1087 1139 1146; x_wconf 84' lang='lat' dir='ltr'><strong>tepescentium„cum</strong></span> <span class='ocrx_word' id='word_1_226' title='bbox 1150 1087 1237 1142; x_wconf 86' lang='lat' dir='ltr'><strong>saucio,</strong></span> 
     </span>
     <span class='ocr_line' id='line_1_43' title="bbox 738 1151 1238 1212; baseline 0 -14"><span class='ocrx_word' id='word_1_227' title='bbox 738 1153 778 1212; x_wconf 91' lang='lat' dir='ltr'><strong>qui</strong></span> <span class='ocrx_word' id='word_1_228' title='bbox 800 1154 901 1198; x_wconf 85' lang='lat' dir='ltr'><strong>fervente</strong></span> <span class='ocrx_word' id='word_1_229' title='bbox 918 1152 1017 1211; x_wconf 88' lang='lat' dir='ltr'><strong>primum</strong></span> <span class='ocrx_word' id='word_1_230' title='bbox 1034 1152 1108 1196; x_wconf 90' lang='lat' dir='ltr'><strong>adhuc</strong></span> <span class='ocrx_word' id='word_1_231' title='bbox 1128 1151 1238 1212; x_wconf 77' lang='lat' dir='ltr'><strong>sanguine</strong></span> 
     </span>
     <span class='ocr_line' id='line_1_44' title="bbox 738 1215 1238 1275; baseline 0 -13"><span class='ocrx_word' id='word_1_232' title='bbox 738 1218 860 1272; x_wconf 88' lang='lat' dir='ltr'><strong>animosus,</strong></span> <span class='ocrx_word' id='word_1_233' title='bbox 870 1223 1001 1275; x_wconf 87' lang='lat' dir='ltr'><strong>tepescente</strong></span> <span class='ocrx_word' id='word_1_234' title='bbox 1011 1215 1116 1274; x_wconf 91' lang='lat' dir='ltr'><strong>torpidus</strong></span> <span class='ocrx_word' id='word_1_235' title='bbox 1133 1215 1238 1262; x_wconf 87' lang='lat' dir='ltr'><strong>efficitur.</strong></span> 
     </span>
     <span class='ocr_line' id='line_1_45' title="bbox 738 1279 1238 1330; baseline -0.004 -2"><span class='ocrx_word' id='word_1_236' title='bbox 738 1285 793 1330; x_wconf 88' lang='lat'><em>985.</em></span> <span class='ocrx_word' id='word_1_237' title='bbox 809 1281 901 1327; x_wconf 87' lang='lat' dir='ltr'><strong>Octavii</strong></span> <span class='ocrx_word' id='word_1_238' title='bbox 911 1281 972 1327; x_wconf 90' lang='lat' dir='ltr'><strong>leute</strong></span> <span class='ocrx_word' id='word_1_239' title='bbox 983 1280 1118 1326; x_wconf 81' lang='lat' dir='ltr'><strong>Caesarianis</strong></span> <span class='ocrx_word' id='word_1_240' title='bbox 1128 1279 1238 1326; x_wconf 85' lang='lat' dir='ltr'><strong>insidian-</strong></span> 
     </span>
     <span class='ocr_line' id='line_1_46' title="bbox 737 1344 1238 1391; baseline 0 0"><span class='ocrx_word' id='word_1_241' title='bbox 737 1346 767 1391; x_wconf 90' lang='lat' dir='ltr'><strong>tis</strong></span> <span class='ocrx_word' id='word_1_242' title='bbox 778 1362 829 1391; x_wconf 91' lang='lat' dir='ltr'><strong>cum</strong></span> <span class='ocrx_word' id='word_1_243' title='bbox 841 1352 948 1391; x_wconf 90' lang='lat' dir='ltr'><strong>venatore</strong></span> <span class='ocrx_word' id='word_1_244' title='bbox 960 1359 1027 1390; x_wconf 88' lang='lat' dir='ltr'><strong>canes</strong></span> <span class='ocrx_word' id='word_1_245' title='bbox 1037 1344 1173 1391; x_wconf 86' lang='lat' dir='ltr'><strong>continentis</strong></span> <span class='ocrx_word' id='word_1_246' title='bbox 1182 1345 1238 1391; x_wconf 80' lang='lat' dir='ltr'><strong>duni</strong></span> 
     </span>
     <span class='ocr_line' id='line_1_47' title="bbox 737 1408 1237 1468; baseline 0.004 -14"><span class='ocrx_word' id='word_1_247' title='bbox 737 1411 785 1456; x_wconf 86' lang='lat' dir='ltr'><strong>fera</strong></span> <span class='ocrx_word' id='word_1_248' title='bbox 799 1410 876 1456; x_wconf 88' lang='lat' dir='ltr'><strong>clausu</strong></span> <span class='ocrx_word' id='word_1_249' title='bbox 892 1409 930 1455; x_wconf 78' lang='lat' dir='ltr'><strong>sit.</strong></span> <span class='ocrx_word' id='word_1_250' title='bbox 941 1412 996 1456; x_wconf 88' lang='lat'><em>437.</em></span> <span class='ocrx_word' id='word_1_251' title='bbox 1009 1408 1196 1468; x_wconf 78' lang='lat' dir='ltr'><strong>Opiterginoruut</strong></span> <span class='ocrx_word' id='word_1_252' title='bbox 1211 1424 1237 1456; x_wconf 83' lang='lat' dir='ltr'><strong>so</strong></span> 
     </span>
     <span class='ocr_line' id='line_1_48' title="bbox 737 1473 1238 1520; baseline 0 -2"><span class='ocrx_word' id='word_1_253' title='bbox 737 1481 815 1520; x_wconf 89' lang='lat' dir='ltr'><strong>mutuo</strong></span> <span class='ocrx_word' id='word_1_254' title='bbox 831 1473 1012 1519; x_wconf 87' lang='lat' dir='ltr'><strong>interficientium</strong></span> <span class='ocrx_word' id='word_1_255' title='bbox 1029 1488 1081 1518; x_wconf 91' lang='lat' dir='ltr'><strong>cum</strong></span> <span class='ocrx_word' id='word_1_256' title='bbox 1097 1473 1190 1520; x_wconf 73' lang='lat' dir='ltr'><strong>minatis</strong></span> <span class='ocrx_word' id='word_1_257' title='bbox 1200 1488 1238 1518; x_wconf 91' lang='lat' dir='ltr'><strong>or-</strong></span> 
     </span>
     <span class='ocr_line' id='line_1_49' title="bbox 737 1537 1237 1598; baseline 0.004 -15"><span class='ocrx_word' id='word_1_258' title='bbox 737 1539 767 1583; x_wconf 91' lang='lat' dir='ltr'><strong>tis</strong></span> <span class='ocrx_word' id='word_1_259' title='bbox 782 1554 796 1584; x_wconf 91' lang='lat' dir='ltr'><strong>e</strong></span> <span class='ocrx_word' id='word_1_260' title='bbox 814 1537 920 1584; x_wconf 86' lang='lat' dir='ltr'><strong>dentibus</strong></span> <span class='ocrx_word' id='word_1_261' title='bbox 938 1539 1075 1598; x_wconf 87' lang='lat' dir='ltr'><strong>serpentium</strong></span> <span class='ocrx_word' id='word_1_262' title='bbox 1092 1538 1202 1584; x_wconf 89' lang='lat' dir='ltr'><strong>aCadmo</strong></span> <span class='ocrx_word' id='word_1_263' title='bbox 1213 1545 1237 1585; x_wconf 83' lang='lat' dir='ltr'><strong>et</strong></span> 
     </span>
     <span class='ocr_line' id='line_1_50' title="bbox 735 1601 1238 1663; baseline 0 -15"><span class='ocrx_word' id='word_1_264' title='bbox 735 1604 821 1648; x_wconf 77' lang='lat' dir='ltr'><strong>dasone</strong></span> <span class='ocrx_word' id='word_1_265' title='bbox 829 1602 965 1648; x_wconf 89' lang='lat' dir='ltr'><strong>occisomm.</strong></span> <span class='ocrx_word' id='word_1_266' title='bbox 976 1604 1031 1649; x_wconf 78' lang='lat'><em>549.</em></span> <span class='ocrx_word' id='word_1_267' title='bbox 1043 1601 1238 1663; x_wconf 80' lang='lat' dir='ltr'><strong>Jubsersgiscnns</strong></span> 
     </span>
     <span class='ocr_line' id='line_1_51' title="bbox 737 1664 958 1715; baseline 0.023 -5"><span class='ocrx_word' id='word_1_268' title='bbox 737 1664 892 1712; x_wconf 87' lang='lat' dir='ltr'><strong>ichneumone.</strong></span> <span class='ocrx_word' id='word_1_269' title='bbox 909 1669 958 1715; x_wconf 86' lang='lat'><em>794</em></span> 
     </span>
    </p>

    <p class='ocr_par' dir='ltr' id='par_1_11' title="bbox 706 1729 1237 1848">
     <span class='ocr_line' id='line_1_52' title="bbox 706 1729 1236 1791; baseline 0 -14"><span class='ocrx_word' id='word_1_270' title='bbox 706 1731 850 1789; x_wconf 85' lang='lat' dir='ltr'><strong>Comparatio</strong></span> <span class='ocrx_word' id='word_1_271' title='bbox 859 1732 942 1776; x_wconf 88' lang='lat' dir='ltr'><strong>ducum</strong></span> <span class='ocrx_word' id='word_1_272' title='bbox 949 1737 987 1791; x_wconf 79' lang='lat' dir='ltr'><strong>aut</strong></span> <span class='ocrx_word' id='word_1_273' title='bbox 993 1729 1121 1790; x_wconf 84' lang='lat' dir='ltr'><strong>principum</strong></span> <span class='ocrx_word' id='word_1_274' title='bbox 1128 1745 1180 1776; x_wconf 88' lang='lat' dir='ltr'><strong>cnm</strong></span> <span class='ocrx_word' id='word_1_275' title='bbox 1189 1746 1236 1777; x_wconf 92' lang='lat' dir='ltr'><strong>ma·</strong></span> 
     </span>
     <span class='ocr_line' id='line_1_53' title="bbox 736 1793 1237 1848; baseline 0 -8"><span class='ocrx_word' id='word_1_276' title='bbox 736 1794 766 1848; x_wconf 84' lang='lat' dir='ltr'><strong>ri,</strong></span> <span class='ocrx_word' id='word_1_277' title='bbox 776 1803 800 1841; x_wconf 88' lang='lat' dir='ltr'><strong>et</strong></span> <span class='ocrx_word' id='word_1_278' title='bbox 810 1793 908 1840; x_wconf 89' lang='lat' dir='ltr'><strong>militum</strong></span> <span class='ocrx_word' id='word_1_279' title='bbox 924 1811 976 1841; x_wconf 90' lang='lat' dir='ltr'><strong>cum</strong></span> <span class='ocrx_word' id='word_1_280' title='bbox 989 1795 1120 1840; x_wconf 86' lang='lat' dir='ltr'><strong>fluminibus</strong></span> <span class='ocrx_word' id='word_1_281' title='bbox 1130 1795 1154 1840; x_wconf 90' lang='lat' dir='ltr'><strong>in</strong></span> <span class='ocrx_word' id='word_1_282' title='bbox 1164 1794 1191 1840; x_wconf 91' lang='lat' dir='ltr'><strong>id</strong></span> <span class='ocrx_word' id='word_1_283' title='bbox 1201 1794 1237 1840; x_wconf 89' lang='lat' dir='ltr'><strong>in·</strong></span> 
     </span>
    </p>

    <p class='ocr_par' dir='ltr' id='par_1_12' title="bbox 718 1858 1243 2241">
     <span class='ocr_line' id='line_1_54' title="bbox 718 1858 1238 1919; baseline 0.004 -15"><span class='ocrx_word' id='word_1_284' title='bbox 718 1892 720 1897; x_wconf 71' lang='lat'><strong>.</strong></span> <span class='ocrx_word' id='word_1_285' title='bbox 736 1860 864 1904; x_wconf 84' lang='lat' dir='ltr'><strong>fluentibus.</strong></span> <span class='ocrx_word' id='word_1_286' title='bbox 881 1861 967 1915; x_wconf 87' lang='grc'><strong>5,336.</strong></span> <span class='ocrx_word' id='word_1_287' title='bbox 979 1860 1049 1906; x_wconf 89' lang='lat' dir='ltr'><strong>maris</strong></span> <span class='ocrx_word' id='word_1_288' title='bbox 1058 1858 1175 1919; x_wconf 89' lang='lat' dir='ltr'><strong>tranquilli</strong></span> <span class='ocrx_word' id='word_1_289' title='bbox 1184 1873 1238 1906; x_wconf 83' lang='lat' dir='ltr'><strong>oum</strong></span> 
     </span>
     <span class='ocr_line' id='line_1_55' title="bbox 738 1922 1237 1984; baseline 0.006 -16"><span class='ocrx_word' id='word_1_290' title='bbox 738 1924 847 1970; x_wconf 86' lang='lat' dir='ltr'><strong>blaeotide</strong></span> <span class='ocrx_word' id='word_1_291' title='bbox 859 1931 883 1970; x_wconf 89' lang='lat' dir='ltr'><strong>et</strong></span> <span class='ocrx_word' id='word_1_292' title='bbox 896 1924 1014 1984; x_wconf 84' lang='lat' dir='ltr'><strong>Bosphoro</strong></span> <span class='ocrx_word' id='word_1_293' title='bbox 1029 1923 1102 1983; x_wconf 81' lang='lat' dir='ltr'><strong>glacie</strong></span> <span class='ocrx_word' id='word_1_294' title='bbox 1113 1922 1237 1971; x_wconf 82' lang='lat' dir='ltr'><strong>adstrictis.</strong></span> 
     </span>
     <span class='ocr_line' id='line_1_56' title="bbox 736 1987 1243 2047; baseline 0.004 -15"><span class='ocrx_word' id='word_1_295' title='bbox 736 1991 792 2036; x_wconf 86' lang='lat'><em>436.</em></span> <span class='ocrx_word' id='word_1_296' title='bbox 809 1990 952 2047; x_wconf 90' lang='lat' dir='ltr'><strong>tempestatis</strong></span> <span class='ocrx_word' id='word_1_297' title='bbox 969 2003 1057 2047; x_wconf 73' lang='lat' dir='ltr'><strong>magum</strong></span> <span class='ocrx_word' id='word_1_298' title='bbox 1076 2003 1128 2034; x_wconf 88' lang='lat' dir='ltr'><strong>cum</strong></span> <span class='ocrx_word' id='word_1_299' title='bbox 1148 1987 1243 2034; x_wconf 85' lang='lat' dir='ltr'><strong>diluvio&#39;</strong></span> 
     </span>
     <span class='ocr_line' id='line_1_57' title="bbox 737 2051 1236 2113; baseline 0.004 -16"><span class='ocrx_word' id='word_1_300' title='bbox 737 2054 909 2100; x_wconf 84' lang='lat' dir='ltr'><strong>Deucalionaeo.</strong></span> <span class='ocrx_word' id='word_1_301' title='bbox 920 2055 974 2099; x_wconf 90' lang='lat'><em>690.</em></span> <span class='ocrx_word' id='word_1_302' title='bbox 986 2053 1066 2099; x_wconf 84' lang='lat' dir='ltr'><strong>classis</strong></span> <span class='ocrx_word' id='word_1_303' title='bbox 1074 2053 1147 2113; x_wconf 87' lang='lat' dir='ltr'><strong>primo</strong></span> <span class='ocrx_word' id='word_1_304' title='bbox 1156 2051 1236 2099; x_wconf 82' lang='lat' dir='ltr'><strong>ordine</strong></span> 
     </span>
     <span class='ocr_line' id='line_1_58' title="bbox 736 2117 1237 2178; baseline 0.004 -18"><span class='ocrx_word' id='word_1_305' title='bbox 736 2117 891 2176; x_wconf 87' lang='lat' dir='ltr'><strong>procedentis,</strong></span> <span class='ocrx_word' id='word_1_306' title='bbox 900 2117 985 2162; x_wconf 91' lang='lat' dir='ltr'><strong>deinde</strong></span> <span class='ocrx_word' id='word_1_307' title='bbox 991 2117 1117 2177; x_wconf 74' lang='lat' dir='ltr'><strong>dissipatae,</strong></span> <span class='ocrx_word' id='word_1_308' title='bbox 1126 2132 1177 2162; x_wconf 93' lang='lat' dir='ltr'><strong>cum</strong></span> <span class='ocrx_word' id='word_1_309' title='bbox 1184 2131 1237 2178; x_wconf 74' lang='lat' dir='ltr'><strong>gru·</strong></span> 
     </span>
     <span class='ocr_line' id='line_1_59' title="bbox 735 2181 1014 2241; baseline 0 -14"><span class='ocrx_word' id='word_1_310' title='bbox 735 2181 953 2241; x_wconf 77' lang='lat' dir='ltr'><strong>ibusmigrantibus.</strong></span> <span class='ocrx_word' id='word_1_311' title='bbox 968 2186 1014 2230; x_wconf 91' lang='grc'><strong>711</strong></span> 
     </span>
    </p>
   </div>
   <div class='ocr_carea' id='block_1_8' title="bbox 590 2245 1235 2310">
    <p class='ocr_par' dir='ltr' id='par_1_13' title="bbox 590 2245 1235 2310">
     <span class='ocr_line' id='line_1_60' title="bbox 590 2245 1235 2310; baseline -0.003 -18"><span class='ocrx_word' id='word_1_312' title='bbox 590 2247 614 2298; x_wconf 84' lang='lat'><strong>5,</strong></span> <span class='ocrx_word' id='word_1_313' title='bbox 623 2248 670 2293; x_wconf 87' lang='lat'><strong>445</strong></span> <span class='ocrx_word' id='word_1_314' title='bbox 703 2245 1235 2310; x_wconf 86' lang='lat' dir='ltr'><strong>ComparatioScaevscprosilientiscumpardo.</strong></span> 
     </span>
    </p>
   </div>
   <div class='ocr_carea' id='block_1_9' title="bbox 735 2311 1238 2628">
    <p class='ocr_par' dir='ltr' id='par_1_14' title="bbox 735 2311 1238 2628">
     <span class='ocr_line' id='line_1_61' title="bbox 736 2311 1236 2370; baseline -0.006 -11"><span class='ocrx_word' id='word_1_315' title='bbox 736 2316 759 2366; x_wconf 89' lang='lat'><em>6,</em></span> <span class='ocrx_word' id='word_1_316' title='bbox 770 2314 824 2356; x_wconf 87' lang='lat'>181.</span> <span class='ocrx_word' id='word_1_317' title='bbox 836 2312 939 2370; x_wconf 86' lang='lat' dir='ltr'><strong>ejusdem</strong></span> <span class='ocrx_word' id='word_1_318' title='bbox 954 2311 1006 2357; x_wconf 90' lang='lat' dir='ltr'><strong>telis</strong></span> <span class='ocrx_word' id='word_1_319' title='bbox 1022 2311 1106 2357; x_wconf 83' lang='lat' dir='ltr'><strong>confixi</strong></span> <span class='ocrx_word' id='word_1_320' title='bbox 1118 2326 1170 2356; x_wconf 88' lang='lat' dir='ltr'><strong>cum</strong></span> <span class='ocrx_word' id='word_1_321' title='bbox 1189 2311 1236 2356; x_wconf 86' lang='lat' dir='ltr'><strong>ele-</strong></span> 
     </span>
     <span class='ocr_line' id='line_1_62' title="bbox 735 2368 1235 2434; baseline 0 -13"><span class='ocrx_word' id='word_1_322' title='bbox 735 2376 827 2434; x_wconf 87' lang='lat' dir='ltr'><strong>phante.</strong></span> <span class='ocrx_word' id='word_1_323' title='bbox 853 2368 948 2432; x_wconf 61' lang='lat'><em>6,&#39;907.</em></span> <span class='ocrx_word' id='word_1_324' title='bbox 971 2376 1074 2433; x_wconf 86' lang='lat' dir='ltr'><strong>ejusdem</strong></span> <span class='ocrx_word' id='word_1_325' title='bbox 1101 2390 1153 2420; x_wconf 92' lang='lat' dir='ltr'><strong>cum</strong></span> <span class='ocrx_word' id='word_1_326' title='bbox 1173 2390 1235 2421; x_wconf 87' lang='lat' dir='ltr'><strong>ursa.</strong></span> 
     </span>
     <span class='ocr_line' id='line_1_63' title="bbox 736 2439 1236 2499; baseline 0 -13"><span class='ocrx_word' id='word_1_327' title='bbox 736 2445 760 2494; x_wconf 91' lang='grc'><strong>6,</strong></span> <span class='ocrx_word' id='word_1_328' title='bbox 772 2443 827 2485; x_wconf 82' lang='lat'><em>990.</em></span> <span class='ocrx_word' id='word_1_329' title='bbox 844 2441 956 2499; x_wconf 78' lang='lat' dir='ltr'><strong>Torquati</strong></span> <span class='ocrx_word' id='word_1_330' title='bbox 975 2440 1060 2485; x_wconf 87' lang='lat' dir='ltr'><strong>Caesari</strong></span> <span class='ocrx_word' id='word_1_331' title='bbox 1071 2439 1173 2486; x_wconf 89' lang='lat' dir='ltr'><strong>cedentis</strong></span> <span class='ocrx_word' id='word_1_332' title='bbox 1184 2456 1236 2486; x_wconf 90' lang='lat' dir='ltr'><strong>cnm</strong></span> 
     </span>
     <span class='ocr_line' id='line_1_64' title="bbox 736 2505 1236 2559; baseline 0.006 -12"><span class='ocrx_word' id='word_1_333' title='bbox 736 2511 805 2550; x_wconf 86' lang='lat' dir='ltr'><strong>nauta</strong></span> <span class='ocrx_word' id='word_1_334' title='bbox 824 2505 876 2551; x_wconf 80' lang='lat' dir='ltr'><strong>vela</strong></span> <span class='ocrx_word' id='word_1_335' title='bbox 897 2506 1045 2550; x_wconf 89' lang='lat' dir='ltr'><strong>subducente.</strong></span> <span class='ocrx_word' id='word_1_336' title='bbox 1062 2510 1084 2559; x_wconf 91' lang='lat'><em>1,</em></span> <span class='ocrx_word' id='word_1_337' title='bbox 1096 2506 1152 2550; x_wconf 86' lang='grc'><strong>387.</strong></span> <span class='ocrx_word' id='word_1_338' title='bbox 1169 2519 1236 2550; x_wconf 89' lang='lat' dir='ltr'><strong>exer·</strong></span> 
     </span>
     <span class='ocr_line' id='line_1_65' title="bbox 736 2568 1238 2628; baseline 0.002 -16"><span class='ocrx_word' id='word_1_339' title='bbox 736 2568 796 2614; x_wconf 88' lang='lat' dir='ltr'><strong>citus</strong></span> <span class='ocrx_word' id='word_1_340' title='bbox 813 2569 947 2628; x_wconf 89' lang='lat' dir='ltr'><strong>Pompeiani</strong></span> <span class='ocrx_word' id='word_1_341' title='bbox 963 2569 987 2615; x_wconf 94' lang='lat' dir='ltr'><strong>in</strong></span> <span class='ocrx_word' id='word_1_342' title='bbox 1003 2568 1106 2628; x_wconf 80' lang='lat' dir='ltr'><strong>praelium</strong></span> <span class='ocrx_word' id='word_1_343' title='bbox 1124 2569 1238 2614; x_wconf 89' lang='lat' dir='ltr'><strong>Pharsali-</strong></span> 
     </span>
    </p>
   </div>
   <div class='ocr_carea' id='block_1_10' title="bbox 736 2633 1327 2692">
    <p class='ocr_par' dir='ltr' id='par_1_15' title="bbox 736 2633 1327 2692">
     <span class='ocr_line' id='line_1_66' title="bbox 736 2633 1327 2692; baseline 0.003 -15"><span class='ocrx_word' id='word_1_344' title='bbox 736 2647 787 2677; x_wconf 91' lang='lat' dir='ltr'><strong>cum</strong></span> <span class='ocrx_word' id='word_1_345' title='bbox 801 2649 825 2678; x_wconf 90' lang='lat' dir='ltr'><strong>se</strong></span> <span class='ocrx_word' id='word_1_346' title='bbox 836 2633 986 2692; x_wconf 77' lang='lat' dir='ltr'><strong>praeparantis</strong></span> <span class='ocrx_word' id='word_1_347' title='bbox 998 2650 1050 2679; x_wconf 93' lang='lat' dir='ltr'><strong>cum</strong></span> <span class='ocrx_word' id='word_1_348' title='bbox 1061 2635 1162 2679; x_wconf 88' lang='lat' dir='ltr'><strong>Deorum</strong></span> <span class='ocrx_word' id='word_1_349' title='bbox 1176 2647 1236 2692; x_wconf 85' lang='lat' dir='ltr'><strong>prae·</strong></span> <span class='ocrx_word' id='word_1_350' title='bbox 1324 2645 1327 2649; x_wconf 81' lang='grc'><em>’</em></span> 
     </span>
    </p>
   </div>
   <div class='ocr_carea' id='block_1_11' title="bbox 735 2697 1235 2758">
    <p class='ocr_par' dir='ltr' id='par_1_16' title="bbox 735 2697 1235 2758">
     <span class='ocr_line' id='line_1_67' title="bbox 735 2697 1235 2758; baseline 0.006 -18"><span class='ocrx_word' id='word_1_351' title='bbox 735 2697 852 2755; x_wconf 89' lang='lat' dir='ltr'><strong>paratione</strong></span> <span class='ocrx_word' id='word_1_352' title='bbox 862 2698 886 2743; x_wconf 93' lang='lat' dir='ltr'><strong>in</strong></span> <span class='ocrx_word' id='word_1_353' title='bbox 899 2698 983 2744; x_wconf 90' lang='lat' dir='ltr'><strong>bellum</strong></span> <span class='ocrx_word' id='word_1_354' title='bbox 992 2698 1129 2758; x_wconf 80' lang='lat' dir='ltr'><strong>giganteum.</strong></span> <span class='ocrx_word' id='word_1_355' title='bbox 1147 2700 1235 2752; x_wconf 83' lang='lat'><em>7,145.</em></span> 
     </span>
    </p>
   </div>
   <div class='ocr_carea' id='block_1_12' title="bbox 736 2762 1236 2881">
    <p class='ocr_par' dir='ltr' id='par_1_17' title="bbox 736 2762 1236 2881">
     <span class='ocr_line' id='line_1_68' title="bbox 736 2762 1236 2874; baseline 0.01 -69"><span class='ocrx_word' id='word_1_356' title='bbox 736 2769 817 2874; x_wconf 55' lang='lat' dir='ltr'><strong>qaqtgq</strong></span> <span class='ocrx_word' id='word_1_357' title='bbox 826 2777 908 2808; x_wconf 90' lang='lat' dir='ltr'><strong>navem</strong></span> <span class='ocrx_word' id='word_1_358' title='bbox 924 2762 1062 2822; x_wconf 89' lang='lat' dir='ltr'><strong>obliquantis</strong></span> <span class='ocrx_word' id='word_1_359' title='bbox 1079 2777 1132 2807; x_wconf 90' lang='lat' dir='ltr'><strong>cum</strong></span> <span class='ocrx_word' id='word_1_360' title='bbox 1149 2762 1236 2829; x_wconf 80' lang='lat' dir='ltr'><strong>auriga.</strong></span> 
     </span>
     <span class='ocr_line' id='line_1_69' title="bbox 754 2861 761 2881; baseline 0 0"><span class='ocrx_word' id='word_1_361' title='bbox 754 2861 761 2881; x_wconf 73' lang='lat'><em>7</em></span> 
     </span>
    </p>
   </div>
   <div class='ocr_carea' id='block_1_13' title="bbox 139 2888 1282 2952">
    <p class='ocr_par' dir='ltr' id='par_1_18' title="bbox 139 2888 1282 2952">
     <span class='ocr_line' id='line_1_70' title="bbox 139 2888 1282 2952; baseline 0.003 -19"><span class='ocrx_word' id='word_1_362' title='bbox 139 2890 441 2948; x_wconf 80' lang='lat' dir='ltr'><strong>comparatiuCaesnriscnm</strong></span> <span class='ocrx_word' id='word_1_363' title='bbox 450 2889 670 2945; x_wconf 84' lang='lat' dir='ltr'><strong>leoneicto.1,905.</strong></span> <span class='ocrx_word' id='word_1_364' title='bbox 704 2888 850 2948; x_wconf 84' lang='lat' dir='ltr'><strong>Comparatio</strong></span> <span class='ocrx_word' id='word_1_365' title='bbox 864 2906 970 2952; x_wconf 80' lang='lat' dir='ltr'><strong>rogorum</strong></span> <span class='ocrx_word' id='word_1_366' title='bbox 987 2891 1010 2936; x_wconf 94' lang='lat' dir='ltr'><strong>in</strong></span> <span class='ocrx_word' id='word_1_367' title='bbox 1021 2890 1121 2937; x_wconf 78' lang='lat' dir='ltr'><strong>Africae</strong></span> <span class='ocrx_word' id='word_1_368' title='bbox 1132 2889 1236 2950; x_wconf 84' lang='lat' dir='ltr'><strong>reliquiis</strong></span> <span class='ocrx_word' id='word_1_369' title='bbox 1276 2915 1282 2927; x_wconf 59' lang='lat' dir='ltr'><em>s</em></span> 
     </span>
    </p>
   </div>
   <div class='ocr_carea' id='block_1_14' title="bbox 139 2953 671 3920">
    <p class='ocr_par' dir='ltr' id='par_1_19' title="bbox 171 2953 671 3336">
     <span class='ocr_line' id='line_1_71' title="bbox 172 2953 670 3010; baseline 0.002 -12"><span class='ocrx_word' id='word_1_370' title='bbox 172 2954 243 2999; x_wconf 89' lang='lat' dir='ltr'><strong>funda</strong></span> <span class='ocrx_word' id='word_1_371' title='bbox 260 2955 367 3000; x_wconf 86' lang='lat' dir='ltr'><strong>Balearii.</strong></span> <span class='ocrx_word' id='word_1_372' title='bbox 386 2957 440 3001; x_wconf 88' lang='lat'><em>999.</em></span> <span class='ocrx_word' id='word_1_373' title='bbox 459 2954 541 3010; x_wconf 75' lang='lat' dir='ltr'><strong>sagitta</strong></span> <span class='ocrx_word' id='word_1_374' title='bbox 556 2953 670 2999; x_wconf 83' lang='lat' dir='ltr'><strong>Parthica.</strong></span> 
     </span>
     <span class='ocr_line' id='line_1_72' title="bbox 173 3018 670 3078; baseline 0 -15"><span class='ocrx_word' id='word_1_375' title='bbox 173 3021 230 3064; x_wconf 87' lang='lat'><em>930.</em></span> <span class='ocrx_word' id='word_1_376' title='bbox 239 3036 310 3078; x_wconf 91' lang='lat' dir='ltr'><strong>equus</strong></span> <span class='ocrx_word' id='word_1_377' title='bbox 317 3020 340 3063; x_wconf 93' lang='lat' dir='ltr'><strong>in</strong></span> <span class='ocrx_word' id='word_1_378' title='bbox 348 3019 469 3064; x_wconf 91' lang='lat' dir='ltr'><strong>certamine</strong></span> <span class='ocrx_word' id='word_1_379' title='bbox 475 3018 503 3063; x_wconf 85' lang='grc'><strong>01</strong></span> <span class='ocrx_word' id='word_1_380' title='bbox 506 3018 605 3077; x_wconf 73' lang='lat' dir='ltr'><strong>ympico.</strong></span> <span class='ocrx_word' id='word_1_381' title='bbox 616 3023 670 3066; x_wconf 85' lang='lat'><em>994.</em></span> 
     </span>
     <span class='ocr_line' id='line_1_73' title="bbox 172 3083 670 3139; baseline 0 -10"><span class='ocrx_word' id='word_1_382' title='bbox 172 3083 263 3129; x_wconf 80' lang='lat' dir='ltr'><strong>Xerxe.</strong></span> <span class='ocrx_word' id='word_1_383' title='bbox 288 3089 309 3139; x_wconf 86' lang='lat'><strong>9,</strong></span> <span class='ocrx_word' id='word_1_384' title='bbox 323 3087 378 3130; x_wconf 86' lang='lat'><em>679.</em></span> <span class='ocrx_word' id='word_1_385' title='bbox 400 3083 498 3128; x_wconf 88' lang='lat' dir='ltr'><strong>Bellona</strong></span> <span class='ocrx_word' id='word_1_386' title='bbox 522 3088 559 3126; x_wconf 89' lang='lat' dir='ltr'><strong>aut</strong></span> <span class='ocrx_word' id='word_1_387' title='bbox 588 3083 670 3129; x_wconf 90' lang='lat' dir='ltr'><strong>Marte.</strong></span> 
     </span>
     <span class='ocr_line' id='line_1_74' title="bbox 171 3147 670 3202; baseline -0.002 -9"><span class='ocrx_word' id='word_1_388' title='bbox 171 3149 196 3202; x_wconf 89' lang='grc'><strong>7,</strong></span> <span class='ocrx_word' id='word_1_389' title='bbox 204 3152 259 3196; x_wconf 87' lang='grc'><strong>568.</strong></span> <span class='ocrx_word' id='word_1_390' title='bbox 272 3151 354 3193; x_wconf 90' lang='lat' dir='ltr'><strong>Oreste</strong></span> <span class='ocrx_word' id='word_1_391' title='bbox 363 3155 387 3194; x_wconf 86' lang='lat' dir='ltr'><strong>et</strong></span> <span class='ocrx_word' id='word_1_392' title='bbox 395 3148 504 3193; x_wconf 91' lang='lat' dir='ltr'><strong>Pentheo.</strong></span> <span class='ocrx_word' id='word_1_393' title='bbox 515 3148 571 3193; x_wconf 83' lang='lat'><em>777.</em></span> <span class='ocrx_word' id='word_1_394' title='bbox 588 3147 636 3191; x_wconf 88' lang='lat' dir='ltr'><strong>fera</strong></span> <span class='ocrx_word' id='word_1_395' title='bbox 648 3148 670 3192; x_wconf 93' lang='lat' dir='ltr'><strong>in</strong></span> 
     </span>
     <span class='ocr_line' id='line_1_75' title="bbox 172 3211 671 3271; baseline 0 -15"><span class='ocrx_word' id='word_1_396' title='bbox 172 3227 243 3257; x_wconf 85' lang='lat' dir='ltr'><strong>cavea</strong></span> <span class='ocrx_word' id='word_1_397' title='bbox 254 3214 367 3267; x_wconf 82' lang='lat' dir='ltr'><strong>conclusa,</strong></span> <span class='ocrx_word' id='word_1_398' title='bbox 380 3212 514 3271; x_wconf 76' lang='lat' dir='ltr'><strong>aubigneio</strong></span> <span class='ocrx_word' id='word_1_399' title='bbox 531 3211 601 3256; x_wconf 82' lang='lat' dir='ltr'><strong>AEtnn</strong></span> <span class='ocrx_word' id='word_1_400' title='bbox 617 3226 671 3271; x_wconf 91' lang='lat' dir='ltr'><strong>sup-</strong></span> 
     </span>
     <span class='ocr_line' id='line_1_76' title="bbox 172 3278 555 3336; baseline -0.003 -15"><span class='ocrx_word' id='word_1_401' title='bbox 172 3291 259 3336; x_wconf 89' lang='lat' dir='ltr'><strong>presso.</strong></span> <span class='ocrx_word' id='word_1_402' title='bbox 279 3283 317 3331; x_wconf 91' lang='lat'><em>10,</em></span> <span class='ocrx_word' id='word_1_403' title='bbox 330 3282 386 3325; x_wconf 83' lang='lat'><strong>445.</strong></span> <span class='ocrx_word' id='word_1_404' title='bbox 399 3278 489 3322; x_wconf 85' lang='lat' dir='ltr'><strong>Medea.</strong></span> <span class='ocrx_word' id='word_1_405' title='bbox 506 3279 555 3324; x_wconf 78' lang='lat'><strong>464</strong></span> 
     </span>
    </p>

    <p class='ocr_par' dir='ltr' id='par_1_20' title="bbox 139 3340 671 3648">
     <span class='ocr_line' id='line_1_77' title="bbox 139 3340 669 3400; baseline -0.002 -13"><span class='ocrx_word' id='word_1_406' title='bbox 139 3341 286 3400; x_wconf 80' lang='lat' dir='ltr'><strong>Comparatio</strong></span> <span class='ocrx_word' id='word_1_407' title='bbox 303 3340 410 3400; x_wconf 88' lang='lat' dir='ltr'><strong>Pompeii</strong></span> <span class='ocrx_word' id='word_1_408' title='bbox 422 3357 472 3385; x_wconf 88' lang='lat' dir='ltr'><strong>cum</strong></span> <span class='ocrx_word' id='word_1_409' title='bbox 483 3355 569 3399; x_wconf 86' lang='lat' dir='ltr'><strong>quercu</strong></span> <span class='ocrx_word' id='word_1_410' title='bbox 579 3355 669 3386; x_wconf 86' lang='lat' dir='ltr'><strong>annosa.</strong></span> 
     </span>
     <span class='ocr_line' id='line_1_78' title="bbox 173 3404 669 3466; baseline -0.004 -14"><span class='ocrx_word' id='word_1_411' title='bbox 173 3411 256 3460; x_wconf 83' lang='grc'><strong>1,136“.</strong></span> <span class='ocrx_word' id='word_1_412' title='bbox 266 3409 362 3466; x_wconf 74' lang='lat' dir='ltr'><strong>tygride.</strong></span> <span class='ocrx_word' id='word_1_413' title='bbox 370 3408 425 3454; x_wconf 82' lang='grc'><strong>338,</strong></span> <span class='ocrx_word' id='word_1_414' title='bbox 433 3413 498 3450; x_wconf 87' lang='lat' dir='ltr'><strong>tauro</strong></span> <span class='ocrx_word' id='word_1_415' title='bbox 506 3404 574 3450; x_wconf 90' lang='lat' dir='ltr'><strong>victo.</strong></span> <span class='ocrx_word' id='word_1_416' title='bbox 585 3407 606 3458; x_wconf 83' lang='grc'><strong>3,</strong></span> <span class='ocrx_word' id='word_1_417' title='bbox 615 3409 669 3453; x_wconf 92' lang='lat'><strong>601.</strong></span> 
     </span>
     <span class='ocr_line' id='line_1_79' title="bbox 171 3469 671 3517; baseline -0.004 -1"><span class='ocrx_word' id='word_1_418' title='bbox 171 3472 325 3517; x_wconf 85' lang='lat' dir='ltr'><strong>babitantibus</strong></span> <span class='ocrx_word' id='word_1_419' title='bbox 345 3472 369 3516; x_wconf 92' lang='lat' dir='ltr'><strong>in</strong></span> <span class='ocrx_word' id='word_1_420' title='bbox 390 3469 565 3516; x_wconf 86' lang='lat' dir='ltr'><strong>lllediterraneis</strong></span> <span class='ocrx_word' id='word_1_421' title='bbox 587 3469 671 3514; x_wconf 78' lang='lat' dir='ltr'><strong>Siciliae</strong></span> 
     </span>
     <span class='ocr_line' id='line_1_80' title="bbox 171 3533 670 3590; baseline -0.004 -10"><span class='ocrx_word' id='word_1_422' title='bbox 171 3536 352 3582; x_wconf 85' lang='lat' dir='ltr'><strong>autBritanniae.</strong></span> <span class='ocrx_word' id='word_1_423' title='bbox 370 3539 394 3590; x_wconf 89' lang='grc'><strong>6,</strong></span> <span class='ocrx_word' id='word_1_424' title='bbox 406 3539 444 3584; x_wconf 87' lang='grc'><strong>65.</strong></span> <span class='ocrx_word' id='word_1_425' title='bbox 457 3533 548 3578; x_wconf 89' lang='lat' dir='ltr'><strong>marinis</strong></span> <span class='ocrx_word' id='word_1_426' title='bbox 556 3533 670 3579; x_wconf 85' lang='lat' dir='ltr'><strong>fluctibus.</strong></span> 
     </span>
     <span class='ocr_line' id='line_1_81' title="bbox 173 3599 504 3648; baseline -0.009 -2"><span class='ocrx_word' id='word_1_427' title='bbox 173 3604 228 3648; x_wconf 85' lang='lat'><em>965.</em></span> <span class='ocrx_word' id='word_1_428' title='bbox 242 3601 303 3646; x_wconf 89' lang='lat' dir='ltr'><strong>Pado</strong></span> <span class='ocrx_word' id='word_1_429' title='bbox 314 3601 445 3645; x_wconf 86' lang='lat' dir='ltr'><strong>inundante.</strong></span> <span class='ocrx_word' id='word_1_430' title='bbox 457 3599 504 3643; x_wconf 89' lang='grc'><strong>373</strong></span> 
     </span>
    </p>

    <p class='ocr_par' dir='ltr' id='par_1_21' title="bbox 141 3663 671 3920">
     <span class='ocr_line' id='line_1_82' title="bbox 141 3663 670 3726; baseline -0.009 -15"><span class='ocrx_word' id='word_1_431' title='bbox 141 3666 288 3726; x_wconf 84' lang='lat' dir='ltr'><strong>Comparatio</strong></span> <span class='ocrx_word' id='word_1_432' title='bbox 309 3665 394 3710; x_wconf 86' lang='lat' dir='ltr'><strong>silentii</strong></span> <span class='ocrx_word' id='word_1_433' title='bbox 412 3663 483 3710; x_wconf 91' lang='lat' dir='ltr'><strong>Urbis</strong></span> <span class='ocrx_word' id='word_1_434' title='bbox 500 3664 600 3708; x_wconf 76' lang='lat' dir='ltr'><strong>attonitae</strong></span> <span class='ocrx_word' id='word_1_435' title='bbox 619 3677 670 3706; x_wconf 92' lang='lat' dir='ltr'><strong>curn</strong></span> 
     </span>
     <span class='ocr_line' id='line_1_83' title="bbox 171 3729 670 3788; baseline -0.006 -14"><span class='ocrx_word' id='word_1_436' title='bbox 171 3731 233 3788; x_wconf 79' lang='lat' dir='ltr'><strong>agris</strong></span> <span class='ocrx_word' id='word_1_437' title='bbox 245 3736 268 3774; x_wconf 91' lang='lat' dir='ltr'><strong>et</strong></span> <span class='ocrx_word' id='word_1_438' title='bbox 279 3730 335 3773; x_wconf 90' lang='lat' dir='ltr'><strong>mari</strong></span> <span class='ocrx_word' id='word_1_439' title='bbox 351 3736 453 3788; x_wconf 86' lang='lat' dir='ltr'><strong>tempore</strong></span> <span class='ocrx_word' id='word_1_440' title='bbox 470 3729 563 3772; x_wconf 79' lang='lat' dir='ltr'><strong>brumae.</strong></span> <span class='ocrx_word' id='word_1_441' title='bbox 582 3731 604 3782; x_wconf 90' lang='lat'><em>1,</em></span> <span class='ocrx_word' id='word_1_442' title='bbox 615 3730 670 3775; x_wconf 88' lang='lat'><em>959.</em></span> 
     </span>
     <span class='ocr_line' id='line_1_84' title="bbox 171 3792 670 3850; baseline -0.008 -10"><span class='ocrx_word' id='word_1_443' title='bbox 171 3794 277 3840; x_wconf 82' lang='lat' dir='ltr'><strong>clamoris</strong></span> <span class='ocrx_word' id='word_1_444' title='bbox 287 3793 391 3839; x_wconf 88' lang='lat' dir='ltr'><strong>militaris</strong></span> <span class='ocrx_word' id='word_1_445' title='bbox 401 3809 452 3838; x_wconf 90' lang='lat' dir='ltr'><strong>cum</strong></span> <span class='ocrx_word' id='word_1_446' title='bbox 461 3793 551 3850; x_wconf 79' lang='lat' dir='ltr'><strong>fragore</strong></span> <span class='ocrx_word' id='word_1_447' title='bbox 563 3792 670 3836; x_wconf 87' lang='lat' dir='ltr'><strong>silvarum</strong></span> 
     </span>
     <span class='ocr_line' id='line_1_85' title="bbox 170 3858 671 3920; baseline -0.01 -15"><span class='ocrx_word' id='word_1_448' title='bbox 170 3859 301 3905; x_wconf 86' lang='lat' dir='ltr'><strong>vehementi</strong></span> <span class='ocrx_word' id='word_1_449' title='bbox 312 3864 380 3903; x_wconf 88' lang='lat' dir='ltr'><strong>vento</strong></span> <span class='ocrx_word' id='word_1_450' title='bbox 392 3865 554 3920; x_wconf 78' lang='lat' dir='ltr'><strong>quassatarum.</strong></span> <span class='ocrx_word' id='word_1_451' title='bbox 562 3858 616 3901; x_wconf 88' lang='grc'><strong>388.</strong></span> <span class='ocrx_word' id='word_1_452' title='bbox 629 3872 671 3915; x_wconf 94' lang='lat' dir='ltr'><strong>po-</strong></span> 
     </span>
    </p>
   </div>
   <div class='ocr_carea' id='block_1_15' title="bbox 732 2955 1297 3913">
    <p class='ocr_par' dir='ltr' id='par_1_22' title="bbox 732 2955 1297 3913">
     <span class='ocr_line' id='line_1_86' title="bbox 735 2955 1236 3014; baseline 0.006 -15"><span class='ocrx_word' id='word_1_453' title='bbox 735 2955 992 3014; x_wconf 85' lang='lat' dir='ltr'><strong>Pompeianiexercitcs</strong></span> <span class='ocrx_word' id='word_1_454' title='bbox 1003 2962 1172 3002; x_wconf 83' lang='lat' dir='ltr'><strong>exstructorum</strong></span> <span class='ocrx_word' id='word_1_455' title='bbox 1183 2971 1236 3002; x_wconf 89' lang='lat' dir='ltr'><strong>cum</strong></span> 
     </span>
     <span class='ocr_line' id='line_1_87' title="bbox 736 3018 1235 3082; baseline 0.002 -18"><span class='ocrx_word' id='word_1_456' title='bbox 736 3018 846 3065; x_wconf 91' lang='lat' dir='ltr'><strong>incendiis</strong></span> <span class='ocrx_word' id='word_1_457' title='bbox 868 3035 973 3082; x_wconf 78' lang='lat' dir='ltr'><strong>agrorum</strong></span> <span class='ocrx_word' id='word_1_458' title='bbox 1001 3037 1015 3067; x_wconf 88' lang='lat' dir='ltr'><strong>a</strong></span> <span class='ocrx_word' id='word_1_459' title='bbox 1043 3020 1136 3066; x_wconf 88' lang='lat' dir='ltr'><strong>rusticis</strong></span> <span class='ocrx_word' id='word_1_460' title='bbox 1159 3019 1235 3065; x_wconf 88' lang='lat' dir='ltr'><strong>factis.</strong></span> 
     </span>
     <span class='ocr_line' id='line_1_88' title="bbox 736 3084 1235 3136; baseline -0.002 -6"><span class='ocrx_word' id='word_1_461' title='bbox 736 3085 825 3136; x_wconf 87' lang='grc'><strong>9,183.</strong></span> <span class='ocrx_word' id='word_1_462' title='bbox 843 3084 939 3133; x_wconf 89' lang='lat' dir='ltr'><strong>Cilicum</strong></span> <span class='ocrx_word' id='word_1_463' title='bbox 952 3086 1053 3131; x_wconf 87' lang='lat' dir='ltr'><strong>oratione</strong></span> <span class='ocrx_word' id='word_1_464' title='bbox 1065 3085 1182 3131; x_wconf 89' lang='lat' dir='ltr'><strong>Catonisa</strong></span> <span class='ocrx_word' id='word_1_465' title='bbox 1199 3099 1235 3130; x_wconf 92' lang='lat' dir='ltr'><strong>se-</strong></span> 
     </span>
     <span class='ocr_line' id='line_1_89' title="bbox 735 3148 1236 3209; baseline 0 -16"><span class='ocrx_word' id='word_1_466' title='bbox 735 3148 838 3208; x_wconf 83' lang='lat' dir='ltr'><strong>cessione</strong></span> <span class='ocrx_word' id='word_1_467' title='bbox 846 3149 1236 3209; x_wconf 88' lang='lat' dir='ltr'><strong>revocatorum,cnmapibnsadal-</strong></span> 
     </span>
     <span class='ocr_line' id='line_1_90' title="bbox 734 3213 1234 3270; baseline 0.002 -12"><span class='ocrx_word' id='word_1_468' title='bbox 734 3213 838 3258; x_wconf 83' lang='lat' dir='ltr'><strong>vearium</strong></span> <span class='ocrx_word' id='word_1_469' title='bbox 848 3215 963 3259; x_wconf 77' lang='lat' dir='ltr'><strong>resumtis</strong></span> <span class='ocrx_word' id='word_1_470' title='bbox 973 3213 1056 3260; x_wconf 84' lang='lat' dir='ltr'><strong>tinnitu</strong></span> <span class='ocrx_word' id='word_1_471' title='bbox 1067 3214 1127 3260; x_wconf 90' lang='lat' dir='ltr'><strong>aeris.</strong></span> <span class='ocrx_word' id='word_1_472' title='bbox 1145 3217 1169 3270; x_wconf 89' lang='lat'><strong>9,</strong></span> <span class='ocrx_word' id='word_1_473' title='bbox 1179 3215 1234 3260; x_wconf 79' lang='lat'><em>984.</em></span> 
     </span>
     <span class='ocr_line' id='line_1_91' title="bbox 736 3277 1235 3336; baseline 0.002 -15"><span class='ocrx_word' id='word_1_474' title='bbox 736 3291 749 3321; x_wconf 91' lang='lat' dir='ltr'><strong>a</strong></span> <span class='ocrx_word' id='word_1_475' title='bbox 760 3292 815 3336; x_wconf 87' lang='lat' dir='ltr'><strong>sepa</strong></span> <span class='ocrx_word' id='word_1_476' title='bbox 825 3277 865 3323; x_wconf 92' lang='lat' dir='ltr'><strong>icti</strong></span> <span class='ocrx_word' id='word_1_477' title='bbox 881 3284 904 3323; x_wconf 93' lang='lat' dir='ltr'><strong>et</strong></span> <span class='ocrx_word' id='word_1_478' title='bbox 920 3279 978 3323; x_wconf 80' lang='lat' dir='ltr'><strong>tabet</strong></span> <span class='ocrx_word' id='word_1_479' title='bbox 984 3278 1108 3324; x_wconf 83' lang='lat' dir='ltr'><strong>diffluentis</strong></span> <span class='ocrx_word' id='word_1_480' title='bbox 1119 3293 1170 3325; x_wconf 87' lang='lat' dir='ltr'><strong>cum</strong></span> <span class='ocrx_word' id='word_1_481' title='bbox 1181 3277 1235 3323; x_wconf 83' lang='lat' dir='ltr'><strong>nive</strong></span> 
     </span>
     <span class='ocr_line' id='line_1_92' title="bbox 735 3342 1297 3402; baseline 0.002 -16"><span class='ocrx_word' id='word_1_482' title='bbox 735 3348 775 3388; x_wconf 91' lang='lat' dir='ltr'><strong>aut</strong></span> <span class='ocrx_word' id='word_1_483' title='bbox 792 3357 845 3388; x_wconf 87' lang='lat' dir='ltr'><strong>cera</strong></span> <span class='ocrx_word' id='word_1_484' title='bbox 865 3342 1002 3402; x_wconf 88' lang='lat' dir='ltr'><strong>liquefactis.</strong></span> <span class='ocrx_word' id='word_1_485' title='bbox 1018 3346 1041 3399; x_wconf 89' lang='lat'><strong>9,</strong></span> <span class='ocrx_word' id='word_1_486' title='bbox 1052 3345 1108 3388; x_wconf 89' lang='grc'><strong>783.</strong></span> <span class='ocrx_word' id='word_1_487' title='bbox 1126 3343 1236 3388; x_wconf 89' lang='lat' dir='ltr'><strong>intumes-</strong></span> <span class='ocrx_word' id='word_1_488' title='bbox 1296 3397 1297 3401; x_wconf 10' lang='grc' dir='ltr'><strong>Ἰ</strong></span> 
     </span>
     <span class='ocr_line' id='line_1_93' title="bbox 736 3406 1247 3466; baseline -0.002 -15"><span class='ocrx_word' id='word_1_489' title='bbox 736 3406 860 3452; x_wconf 71' lang='lat' dir='ltr'><strong>centissa</strong></span> <span class='ocrx_word' id='word_1_490' title='bbox 880 3407 1027 3466; x_wconf 88' lang='lat' dir='ltr'><strong>percussione</strong></span> <span class='ocrx_word' id='word_1_491' title='bbox 1052 3407 1162 3466; x_wconf 79' lang='lat' dir='ltr'><strong>presteris</strong></span> <span class='ocrx_word' id='word_1_492' title='bbox 1182 3421 1247 3451; x_wconf 87' lang='lat' dir='ltr'><strong>cum·</strong></span> 
     </span>
     <span class='ocr_line' id='line_1_94' title="bbox 736 3471 1234 3529; baseline -0.002 -13"><span class='ocrx_word' id='word_1_493' title='bbox 736 3484 795 3529; x_wconf 91' lang='lat' dir='ltr'><strong>aqua</strong></span> <span class='ocrx_word' id='word_1_494' title='bbox 810 3471 919 3517; x_wconf 89' lang='lat' dir='ltr'><strong>bulliente</strong></span> <span class='ocrx_word' id='word_1_495' title='bbox 928 3477 968 3517; x_wconf 91' lang='lat' dir='ltr'><strong>aut</strong></span> <span class='ocrx_word' id='word_1_496' title='bbox 979 3471 1037 3517; x_wconf 86' lang='lat' dir='ltr'><strong>volis</strong></span> <span class='ocrx_word' id='word_1_497' title='bbox 1045 3471 1135 3517; x_wconf 81' lang='lat' dir='ltr'><strong>iubatis.</strong></span> <span class='ocrx_word' id='word_1_498' title='bbox 1147 3475 1170 3522; x_wconf 88' lang='lat'><strong>9,</strong></span> <span class='ocrx_word' id='word_1_499' title='bbox 1178 3473 1234 3518; x_wconf 89' lang='grc'><strong>798.</strong></span> 
     </span>
     <span class='ocr_line' id='line_1_95' title="bbox 732 3535 1237 3596; baseline 0.004 -17"><span class='ocrx_word' id='word_1_500' title='bbox 732 3535 805 3594; x_wconf 88' lang='lat' dir='ltr'><strong>jaculi</strong></span> <span class='ocrx_word' id='word_1_501' title='bbox 822 3535 934 3594; x_wconf 88' lang='lat' dir='ltr'><strong>serpentis</strong></span> <span class='ocrx_word' id='word_1_502' title='bbox 950 3546 1002 3581; x_wconf 92' lang='lat' dir='ltr'><strong>cum</strong></span> <span class='ocrx_word' id='word_1_503' title='bbox 1019 3535 1100 3596; x_wconf 80' lang='lat' dir='ltr'><strong>glande</strong></span> <span class='ocrx_word' id='word_1_504' title='bbox 1110 3537 1237 3582; x_wconf 82' lang='lat' dir='ltr'><strong>fundaeabt</strong></span> 
     </span>
     <span class='ocr_line' id='line_1_96' title="bbox 736 3598 1236 3659; baseline 0.004 -16"><span class='ocrx_word' id='word_1_505' title='bbox 736 3598 826 3656; x_wconf 67' lang='lat' dir='ltr'><strong>sagitta.</strong></span> <span class='ocrx_word' id='word_1_506' title='bbox 838 3604 861 3657; x_wconf 87' lang='lat'><strong>9,</strong></span> <span class='ocrx_word' id='word_1_507' title='bbox 870 3603 925 3648; x_wconf 87' lang='grc'><strong>836.</strong></span> <span class='ocrx_word' id='word_1_508' title='bbox 937 3600 1068 3659; x_wconf 85' lang='lat' dir='ltr'><strong>Psyllorum</strong></span> <span class='ocrx_word' id='word_1_509' title='bbox 1076 3599 1172 3646; x_wconf 89' lang='lat' dir='ltr'><strong>infantes</strong></span> <span class='ocrx_word' id='word_1_510' title='bbox 1181 3615 1236 3646; x_wconf 83' lang='lat' dir='ltr'><strong>snos</strong></span> 
     </span>
     <span class='ocr_line' id='line_1_97' title="bbox 735 3663 1236 3726; baseline 0.004 -19"><span class='ocrx_word' id='word_1_511' title='bbox 735 3679 811 3710; x_wconf 91' lang='lat' dir='ltr'><strong>morsu</strong></span> <span class='ocrx_word' id='word_1_512' title='bbox 824 3664 910 3726; x_wconf 90' lang='lat' dir='ltr'><strong>aspidis</strong></span> <span class='ocrx_word' id='word_1_513' title='bbox 927 3663 1101 3724; x_wconf 83' lang='lat' dir='ltr'><strong>explorantium,</strong></span> <span class='ocrx_word' id='word_1_514' title='bbox 1110 3679 1162 3710; x_wconf 91' lang='lat' dir='ltr'><strong>cum</strong></span> <span class='ocrx_word' id='word_1_515' title='bbox 1172 3665 1236 3724; x_wconf 88' lang='lat' dir='ltr'><strong>aqui·</strong></span> 
     </span>
     <span class='ocr_line' id='line_1_98' title="bbox 735 3727 1236 3788; baseline 0.006 -17"><span class='ocrx_word' id='word_1_516' title='bbox 735 3727 764 3773; x_wconf 92' lang='lat' dir='ltr'><strong>lis</strong></span> <span class='ocrx_word' id='word_1_517' title='bbox 776 3729 852 3788; x_wconf 90' lang='lat' dir='ltr'><strong>pullos</strong></span> <span class='ocrx_word' id='word_1_518' title='bbox 863 3744 917 3774; x_wconf 87' lang='lat' dir='ltr'><strong>suos</strong></span> <span class='ocrx_word' id='word_1_519' title='bbox 925 3729 953 3774; x_wconf 85' lang='lat' dir='ltr'><strong>ad</strong></span> <span class='ocrx_word' id='word_1_520' title='bbox 960 3728 1038 3774; x_wconf 88' lang='lat' dir='ltr'><strong>radios</strong></span> <span class='ocrx_word' id='word_1_521' title='bbox 1044 3728 1107 3774; x_wconf 88' lang='lat' dir='ltr'><strong>Solis</strong></span> <span class='ocrx_word' id='word_1_522' title='bbox 1115 3729 1236 3788; x_wconf 88' lang='lat' dir='ltr'><strong>exploran-</strong></span> 
     </span>
     <span class='ocr_line' id='line_1_99' title="bbox 736 3793 1235 3852; baseline 0.004 -15"><span class='ocrx_word' id='word_1_523' title='bbox 736 3793 804 3838; x_wconf 90' lang='lat' dir='ltr'><strong>tibus.</strong></span> <span class='ocrx_word' id='word_1_524' title='bbox 817 3797 841 3850; x_wconf 88' lang='lat'><strong>9,</strong></span> <span class='ocrx_word' id='word_1_525' title='bbox 850 3796 905 3843; x_wconf 85' lang='lat'><em>909.</em></span> <span class='ocrx_word' id='word_1_526' title='bbox 922 3793 1052 3852; x_wconf 71' lang='lat' dir='ltr'><strong>Cleopatrae</strong></span> <span class='ocrx_word' id='word_1_527' title='bbox 1068 3808 1120 3839; x_wconf 87' lang='lat' dir='ltr'><strong>cmo</strong></span> <span class='ocrx_word' id='word_1_528' title='bbox 1137 3793 1235 3840; x_wconf 73' lang='lat' dir='ltr'><strong>Helena.</strong></span> 
     </span>
     <span class='ocr_line' id='line_1_100' title="bbox 736 3860 821 3913; baseline 0.035 -11"><span class='ocrx_word' id='word_1_529' title='bbox 736 3860 775 3913; x_wconf 91' lang='lat'><em>10,</em></span> <span class='ocrx_word' id='word_1_530' title='bbox 786 3861 821 3905; x_wconf 89' lang='lat'><em>59</em></span> 
     </span>
    </p>
   </div>
   <div class='ocr_carea' id='block_1_16' title="bbox 171 3920 1245 3984">
    <p class='ocr_par' dir='ltr' id='par_1_23' title="bbox 171 3920 1245 3984">
     <span class='ocr_line' id='line_1_101' title="bbox 171 3920 1245 3984; baseline -0.003 -15"><span class='ocrx_word' id='word_1_531' title='bbox 171 3923 224 3984; x_wconf 91' lang='lat' dir='ltr'><strong>puli</strong></span> <span class='ocrx_word' id='word_1_532' title='bbox 240 3940 270 3969; x_wconf 84' lang='lat' dir='ltr'><strong>ex</strong></span> <span class='ocrx_word' id='word_1_533' title='bbox 286 3923 347 3967; x_wconf 90' lang='lat' dir='ltr'><strong>Urbe</strong></span> <span class='ocrx_word' id='word_1_534' title='bbox 364 3922 475 3981; x_wconf 84' lang='lat' dir='ltr'><strong>fugientis</strong></span> <span class='ocrx_word' id='word_1_535' title='bbox 488 3936 539 3966; x_wconf 91' lang='lat' dir='ltr'><strong>cum</strong></span> <span class='ocrx_word' id='word_1_536' title='bbox 559 3927 628 3965; x_wconf 83' lang='lat' dir='ltr'><strong>nauta</strong></span> <span class='ocrx_word' id='word_1_537' title='bbox 646 3921 669 3965; x_wconf 89' lang='lat' dir='ltr'><strong>in</strong></span> <span class='ocrx_word' id='word_1_538' title='bbox 703 3937 848 3981; x_wconf 88' lang='lat' dir='ltr'><strong>compensare</strong></span> <span class='ocrx_word' id='word_1_539' title='bbox 865 3921 962 3983; x_wconf 73' lang='lat' dir='ltr'><strong>longius¹</strong></span> <span class='ocrx_word' id='word_1_540' title='bbox 974 3920 1019 3967; x_wconf 90' lang='lat' dir='ltr'><strong>iter</strong></span> <span class='ocrx_word' id='word_1_541' title='bbox 1034 3922 1140 3969; x_wconf 83' lang='lat' dir='ltr'><strong>breviore</strong></span> <span class='ocrx_word' id='word_1_542' title='bbox 1152 3922 1199 3969; x_wconf 68' lang='lat' dir='ltr'><strong>ida.</strong></span> <span class='ocrx_word' id='word_1_543' title='bbox 1212 3923 1245 3975; x_wconf 85' lang='grc'><strong>8,</strong></span> 
     </span>
    </p>
   </div>
   <div class='ocr_carea' id='block_1_17' title="bbox 170 3984 672 4046">
    <p class='ocr_par' dir='ltr' id='par_1_24' title="bbox 170 3984 672 4046">
     <span class='ocr_line' id='line_1_102' title="bbox 170 3984 672 4046; baseline -0.006 -12"><span class='ocrx_word' id='word_1_544' title='bbox 170 3993 306 4046; x_wconf 86' lang='lat' dir='ltr'><strong>tempestate</strong></span> <span class='ocrx_word' id='word_1_545' title='bbox 323 4002 336 4031; x_wconf 90' lang='lat' dir='ltr'><strong>e</strong></span> <span class='ocrx_word' id='word_1_546' title='bbox 353 3987 406 4031; x_wconf 87' lang='lat' dir='ltr'><strong>navi</strong></span> <span class='ocrx_word' id='word_1_547' title='bbox 424 3987 446 4032; x_wconf 91' lang='lat' dir='ltr'><strong>in</strong></span> <span class='ocrx_word' id='word_1_548' title='bbox 463 4000 524 4030; x_wconf 88' lang='lat' dir='ltr'><strong>mare</strong></span> <span class='ocrx_word' id='word_1_549' title='bbox 541 3984 672 4031; x_wconf 87' lang='lat' dir='ltr'><strong>desiliente.</strong></span> 
     </span>
    </p>
   </div>
   <div class='ocr_carea' id='block_1_18' title="bbox 171 4050 898 4111">
    <p class='ocr_par' dir='ltr' id='par_1_25' title="bbox 171 4050 898 4111">
     <span class='ocr_line' id='line_1_103' title="bbox 171 4050 898 4111; baseline -0.004 -12"><span class='ocrx_word' id='word_1_550' title='bbox 171 4055 228 4100; x_wconf 80' lang='grc'><strong>498.</strong></span> <span class='ocrx_word' id='word_1_551' title='bbox 246 4050 393 4111; x_wconf 71' lang='lat' dir='ltr'><strong>Pythonissa²</strong></span> <span class='ocrx_word' id='word_1_552' title='bbox 404 4067 454 4096; x_wconf 82' lang='lat' dir='ltr'><strong>curn</strong></span> <span class='ocrx_word' id='word_1_553' title='bbox 468 4051 573 4095; x_wconf 91' lang='lat' dir='ltr'><strong>Bacchis.</strong></span> <span class='ocrx_word' id='word_1_554' title='bbox 590 4053 639 4096; x_wconf 89' lang='grc'><strong>674</strong></span> <span class='ocrx_word' id='word_1_555' title='bbox 703 4056 844 4110; x_wconf 89' lang='lat' dir='ltr'><strong>compertum</strong></span> <span class='ocrx_word' id='word_1_556' title='bbox 856 4058 898 4096; x_wconf 88' lang='lat' dir='ltr'><strong>cst.</strong></span> 
     </span>
    </p>
   </div>
   <div class='ocr_carea' id='block_1_19' title="bbox 140 4113 672 4356">
    <p class='ocr_par' dir='ltr' id='par_1_26' title="bbox 140 4113 672 4356">
     <span class='ocr_line' id='line_1_104' title="bbox 140 4113 670 4176; baseline -0.009 -12"><span class='ocrx_word' id='word_1_557' title='bbox 140 4117 288 4176; x_wconf 89' lang='lat' dir='ltr'><strong>Comparatio</strong></span> <span class='ocrx_word' id='word_1_558' title='bbox 297 4116 374 4175; x_wconf 84' lang='lat' dir='ltr'><strong>populi</strong></span> <span class='ocrx_word' id='word_1_559' title='bbox 385 4115 481 4160; x_wconf 66' lang='lat' dir='ltr'><strong>*attoniti</strong></span> <span class='ocrx_word' id='word_1_560' title='bbox 492 4130 542 4159; x_wconf 91' lang='lat' dir='ltr'><strong>cum</strong></span> <span class='ocrx_word' id='word_1_561' title='bbox 555 4113 627 4175; x_wconf 86' lang='lat' dir='ltr'><strong>primo</strong></span> <span class='ocrx_word' id='word_1_562' title='bbox 636 4115 670 4159; x_wconf 84' lang='lat' dir='ltr'><strong>fu·</strong></span> 
     </span>
     <span class='ocr_line' id='line_1_105' title="bbox 172 4179 670 4237; baseline -0.006 -10"><span class='ocrx_word' id='word_1_563' title='bbox 172 4196 234 4228; x_wconf 89' lang='lat' dir='ltr'><strong>uere.</strong></span> <span class='ocrx_word' id='word_1_564' title='bbox 248 4183 271 4234; x_wconf 88' lang='grc'><strong>3,</strong></span> <span class='ocrx_word' id='word_1_565' title='bbox 281 4183 319 4225; x_wconf 83' lang='grc'><strong>31.</strong></span> <span class='ocrx_word' id='word_1_566' title='bbox 334 4181 400 4225; x_wconf 83' lang='lat' dir='ltr'><strong>ltlarii</strong></span> <span class='ocrx_word' id='word_1_567' title='bbox 411 4179 503 4224; x_wconf 88' lang='lat' dir='ltr'><strong>lacerati</strong></span> <span class='ocrx_word' id='word_1_568' title='bbox 512 4195 565 4225; x_wconf 91' lang='lat' dir='ltr'><strong>cum</strong></span> <span class='ocrx_word' id='word_1_569' title='bbox 575 4193 670 4237; x_wconf 90' lang='lat' dir='ltr'><strong>corpore</strong></span> 
     </span>
     <span class='ocr_line' id='line_1_106' title="bbox 172 4243 671 4307; baseline -0.008 -16"><span class='ocrx_word' id='word_1_570' title='bbox 172 4248 274 4307; x_wconf 89' lang='lat' dir='ltr'><strong>pondere</strong></span> <span class='ocrx_word' id='word_1_571' title='bbox 280 4244 360 4290; x_wconf 87' lang='lat' dir='ltr'><strong>colliso</strong></span> <span class='ocrx_word' id='word_1_572' title='bbox 366 4244 561 4303; x_wconf 82' lang='lat' dir='ltr'><strong>sutjactatomari.</strong></span> <span class='ocrx_word' id='word_1_573' title='bbox 570 4248 622 4291; x_wconf 85' lang='grc'><strong>187.</strong></span> <span class='ocrx_word' id='word_1_574' title='bbox 628 4243 671 4288; x_wconf 83' lang='lat' dir='ltr'><strong>Ga-</strong></span> 
     </span>
     <span class='ocr_line' id='line_1_107' title="bbox 172 4308 672 4356; baseline -0.004 -1"><span class='ocrx_word' id='word_1_575' title='bbox 172 4310 234 4356; x_wconf 90' lang='lat' dir='ltr'><strong>tonis</strong></span> <span class='ocrx_word' id='word_1_576' title='bbox 249 4309 358 4354; x_wconf 81' lang='lat' dir='ltr'><strong>libertati</strong></span> <span class='ocrx_word' id='word_1_577' title='bbox 370 4310 398 4354; x_wconf 83' lang='lat' dir='ltr'><strong>ad</strong></span> <span class='ocrx_word' id='word_1_578' title='bbox 410 4317 536 4354; x_wconf 78' lang='lat' dir='ltr'><strong>extremum</strong></span> <span class='ocrx_word' id='word_1_579' title='bbox 548 4308 672 4354; x_wconf 73' lang='lat' dir='ltr'><strong>adtraerenu</strong></span> 
     </span>
    </p>
   </div>
   <div class='ocr_carea' id='block_1_20' title="bbox 735 3989 783 4034">
    <p class='ocr_par' dir='ltr' id='par_1_27' title="bbox 735 3989 783 4034">
     <span class='ocr_line' id='line_1_108' title="bbox 735 3989 783 4034; baseline 0.042 -2"><span class='ocrx_word' id='word_1_580' title='bbox 735 3989 783 4034; x_wconf 86' lang='lat'><strong>949</strong></span> 
     </span>
    </p>
   </div>
   <div class='ocr_carea' id='block_1_21' title="bbox 704 4005 1247 4372">
    <p class='ocr_par' dir='ltr' id='par_1_28' title="bbox 1223 4005 1225 4025">
     <span class='ocr_line' id='line_1_109' title="bbox 1223 4005 1225 4025; baseline 0 0"><span class='ocrx_word' id='word_1_581' title='bbox 1223 4005 1225 4025; x_wconf 94' lang='lat' dir='ltr'><strong>l</strong></span> 
     </span>
    </p>

    <p class='ocr_par' dir='ltr' id='par_1_29' title="bbox 704 4052 1247 4372">
     <span class='ocr_line' id='line_1_110' title="bbox 1153 4052 1236 4104; baseline 0 -8"><span class='ocrx_word' id='word_1_582' title='bbox 1153 4053 1176 4104; x_wconf 85' lang='grc'><strong>3,</strong></span> <span class='ocrx_word' id='word_1_583' title='bbox 1188 4052 1236 4098; x_wconf 85' lang='grc'><strong>333</strong></span> 
     </span>
     <span class='ocr_line' id='line_1_111' title="bbox 1156 4119 1247 4169; baseline -0.044 -5"><span class='ocrx_word' id='word_1_584' title='bbox 1156 4119 1247 4169; x_wconf 55' lang='grc'><strong>3393·</strong></span> 
     </span>
     <span class='ocr_line' id='line_1_112' title="bbox 704 4174 1236 4240; baseline -0.004 -14"><span class='ocrx_word' id='word_1_585' title='bbox 704 4195 850 4240; x_wconf 89' lang='lat' dir='ltr'><strong>componere,</strong></span> <span class='ocrx_word' id='word_1_586' title='bbox 869 4174 1018 4226; x_wconf 70' lang='lat' dir='ltr'><strong>committere.</strong></span> <span class='ocrx_word' id='word_1_587' title='bbox 1035 4179 1124 4233; x_wconf 66' lang='lat'><em>3196.</em></span> <span class='ocrx_word' id='word_1_588' title='bbox 1143 4193 1236 4238; x_wconf 89' lang='lat' dir='ltr'><strong>compo-</strong></span> 
     </span>
     <span class='ocr_line' id='line_1_113' title="bbox 737 4242 1236 4292; baseline 0.002 -2"><span class='ocrx_word' id='word_1_589' title='bbox 737 4260 791 4290; x_wconf 85' lang='lat' dir='ltr'><strong>nere</strong></span> <span class='ocrx_word' id='word_1_590' title='bbox 807 4252 895 4290; x_wconf 86' lang='lat' dir='ltr'><strong>mentes</strong></span> <span class='ocrx_word' id='word_1_591' title='bbox 911 4245 941 4292; x_wconf 89' lang='lat' dir='ltr'><strong>ad</strong></span> <span class='ocrx_word' id='word_1_592' title='bbox 958 4242 1068 4290; x_wconf 85' lang='lat' dir='ltr'><strong>virtutem</strong></span> <span class='ocrx_word' id='word_1_593' title='bbox 1082 4251 1122 4288; x_wconf 88' lang='lat' dir='ltr'><strong>ant</strong></span> <span class='ocrx_word' id='word_1_594' title='bbox 1138 4243 1236 4291; x_wconf 89' lang='lat' dir='ltr'><strong>labores.</strong></span> 
     </span>
     <span class='ocr_line' id='line_1_114' title="bbox 736 4306 1236 4372; baseline -0.012 -14"><span class='ocrx_word' id='word_1_595' title='bbox 736 4306 760 4365; x_wconf 88' lang='lat'><strong>9,</strong></span> <span class='ocrx_word' id='word_1_596' title='bbox 772 4311 827 4355; x_wconf 89' lang='grc'><strong>380.</strong></span> <span class='ocrx_word' id='word_1_597' title='bbox 855 4309 991 4372; x_wconf 86' lang='lat' dir='ltr'><strong>componere</strong></span> <span class='ocrx_word' id='word_1_598' title='bbox 1012 4308 1127 4354; x_wconf 89' lang='lat' dir='ltr'><strong>modicum</strong></span> <span class='ocrx_word' id='word_1_599' title='bbox 1152 4307 1236 4363; x_wconf 86' lang='lat' dir='ltr'><strong>civem,</strong></span> 
     </span>
    </p>
   </div>
   <div class='ocr_carea' id='block_1_22' title="bbox 173 4369 1249 4486">
    <p class='ocr_par' dir='ltr' id='par_1_30' title="bbox 173 4369 1249 4486">
     <span class='ocr_line' id='line_1_115' title="bbox 173 4369 1249 4483; baseline -0.002 -61"><span class='ocrx_word' id='word_1_600' title='bbox 173 4391 225 4422; x_wconf 88' lang='lat' dir='ltr'><strong>cum</strong></span> <span class='ocrx_word' id='word_1_601' title='bbox 243 4381 307 4438; x_wconf 88' lang='lat' dir='ltr'><strong>putre</strong></span> <span class='ocrx_word' id='word_1_602' title='bbox 319 4373 495 4420; x_wconf 85' lang='lat' dir='ltr'><strong>tiliorumsuous</strong></span> <span class='ocrx_word' id='word_1_603' title='bbox 512 4380 674 4483; x_wconf 48' lang='lat' dir='ltr'><strong>prosequentqq.</strong></span> <span class='ocrx_word' id='word_1_604' title='bbox 737 4370 811 4436; x_wconf 64' lang='lat' dir='ltr'><strong>agere,</strong></span> <span class='ocrx_word' id='word_1_605' title='bbox 830 4369 976 4421; x_wconf 81' lang='lat' dir='ltr'><strong>constituere.</strong></span> <span class='ocrx_word' id='word_1_606' title='bbox 995 4375 1018 4429; x_wconf 93' lang='grc'><strong>7,</strong></span> <span class='ocrx_word' id='word_1_607' title='bbox 1029 4375 1084 4420; x_wconf 81' lang='grc'><strong>767.</strong></span> <span class='ocrx_word' id='word_1_608' title='bbox 1101 4387 1249 4434; x_wconf 82' lang='lat' dir='ltr'><strong>componere·</strong></span> 
     </span>
     <span class='ocr_line' id='line_1_116' title="bbox 623 4443 1192 4486; baseline -0.002 -37"><span class='ocrx_word' id='word_1_609' title='bbox 623 4444 641 4486; x_wconf 72' lang='lat'>4</span> <span class='ocrx_word' id='word_1_610' title='bbox 1190 4443 1192 4448; x_wconf 80' lang='grc'>,</span> 
     </span>
    </p>
   </div>
   <div class='ocr_carea' id='block_1_23' title="bbox 704 4115 1011 4175">
    <p class='ocr_par' dir='ltr' id='par_1_31' title="bbox 704 4115 1011 4175">
     <span class='ocr_line' id='line_1_117' title="bbox 704 4115 1011 4175; baseline 0 -14"><span class='ocrx_word' id='word_1_611' title='bbox 704 4115 831 4175; x_wconf 88' lang='lat' dir='ltr'><strong>complosas</strong></span> <span class='ocrx_word' id='word_1_612' title='bbox 839 4131 918 4161; x_wconf 90' lang='lat' dir='ltr'><strong>manns</strong></span> <span class='ocrx_word' id='word_1_613' title='bbox 926 4121 1011 4161; x_wconf 89' lang='lat' dir='ltr'><strong>tenere.</strong></span> 
     </span>
    </p>
   </div>
   <div class='ocr_carea' id='block_1_24' title="bbox 0 0 1396 4860">
    <p class='ocr_par' dir='ltr' id='par_1_32' title="bbox 0 0 1396 4860">
     <span class='ocr_line' id='line_1_118' title="bbox 0 0 1396 4860; baseline 0 0"><span class='ocrx_word' id='word_1_614' title='bbox 0 0 1396 4860; x_wconf 95' lang='lat' dir='ltr'><strong> </strong></span> 
     </span>
    </p>
   </div>
  </div>
 </body>
</html>
