2784 4860
324 344 327 354 '
455 308 702 423 noctur..
737 354 849 423 ιιι.
890 346 930 421 ι,Ί

140 528 211 609 Qui
225 530 323 614 pueri
336 530 442 595 nimio
457 522 635 614 cyparissi
649 516 791 596 ardebat
804 518 935 593 ambrs'
988 592 991 597 ,
1012 518 1022 555 ²

139 640 230 705 Ante
243 646 356 706 tamen
371 660 474 724 quam
489 660 550 704 rex
565 639 775 704 Ptolemaeus
789 636 933 701 aburbe
943 628 1091 707 ,cunobo
1133 631 1136 635 ’

139 751 207 815 Per
222 752 359 815 Deltam
372 743 522 816 transbe
528 753 638 834 perat,
653 746 748 834 (num
762 752 845 811 noto
861 744 1066 813 Canobo

140 862 285 944 Templa
299 862 437 967 Serapis
451 856 570 944 habet)
584 860 728 924 scrutari
742 858 882 923 oraculo
896 848 1025 968 diutim,

142 973 186 1037 Et
199 973 281 1036 belli
298 972 399 1036 cesus
415 972 512 1054 cupit
525 969 703 1060 explorare
718 964 883 1032 futuros.
923 964 926 969 ’
1021 976 1023 983 ’
1104 958 1109 967 '

186 1083 257 1146 Hic
274 1083 369 1146 Deus
385 1083 455 1146 elta
472 1071 590 1146 tenens
604 1079 701 1144 molli
716 1078 857 1142 delubra
871 1073 1085 1188 Canobo,

144 1192 256 1272 Quem
270 1192 464 1275 serpentina
479 1180 736 1254 Niloticeterra
748 1189 857 1271 figure
919 1180 926 1225 ·.
1013 1185 1017 1193 '

143 1301 326 1385 Vicinique
342 1303 469 1377 colunt,
484 1320 554 1365 non
568 1319 654 1364 voce
669 1300 809 1364 oracula
821 1290 990 1378 reddit?

1173 354 1257 427 m
1329 320 1384 362 ,ι

143 1410 306 1495 Corniger
320 1418 358 1475 ut
372 1412 513 1506 Libycis
528 1410 651 1474 colitur
666 1411 725 1500 qui
741 1402 897 1495 Syrtibus
911 1401 1085 1496 Ammoni
1118 1360 1124 1367 ·
1176 1404 1178 1409 ,
1228 1403 1231 1409 ,
1272 1412 1280 1421 ,
1356 1387 1360 1392 .

145 1522 228 1588 Non
243 1543 359 1600 esuve,
375 1523 519 1598 tumere,
536 1520 629 1590 velut
644 1512 888 1604 Memphiticus
903 1514 1004 1636 Apis,
1138 1564 1142 1572 .
1242 1564 1247 1571 ,

145 1632 247 1698 Certo
260 1633 353 1708 boni,
369 1631 475 1696 fotive
489 1632 571 1696 mali
586 1633 757 1714 preesugie
771 1633 911 1715 pandit,

146 1745 223 1810 Nec
239 1723 373 1808 Phoebo
389 1737 510 1807 similis
525 1742 697 1825 Gyrrbaeo,
712 1731 865 1848 Virginis
880 1745 1000 1849 impiet

145 1853 345 1920 Concussos
360 1859 452 1918 artus
466 1855 612 1931 miserae,
628 1873 731 1937 quam
746 1874 852 1938 poena
864 1843 994 1940 recepti

147 1964 319 2041 Numinis,
335 1971 395 2028 eut
408 1965 553 2048 pretium
567 1965 659 2029 mors
673 1960 852 2030 immature
865 1966 1046 2050 sequutum
1143 2011 1146 2015 -
1223 1958 1230 1966 ’
1247 2034 1249 2043 ,

147 2075 268 2141 Erudit
282 2081 317 2140 at
331 2075 467 2159 placide
481 2075 663 2139 humanum
677 2096 739 2158 per
752 2074 885 2143 somnia
897 2083 1055 2158 mentem,
1256 2121 1262 2133 ·

149 2184 393 2270 Noctumeque
408 2188 522 2271 quiete
537 2187 657 2268 docet3
672 2176 841 2271 ¹nulloque
855 2188 973 2255 labore

148 2297 219 2362 Hic
234 2302 364 2361 tentum
379 2301 478 2381 parte
491 2302 545 2362 est
558 2297 709 2381 pretiose
724 2285 878 2376 scientio,
897 2300 992 2367 nullo
1029 2294 1032 2307 ’

149 2404 328 2471 Ειιοιιιίιιιι
343 2407 457 2472 studio
471 2399 600 2473 verum.
615 2409 772 2473 mortalia
787 2409 892 2474 cordo
999 2443 1002 2447 ·

149 2518 246 2582 Tunc
263 2519 358 2582 Deus
373 2518 438 2581 iste
454 2517 566 2596 docet,
583 2538 660 2583 cum
676 2526 755 2584 sunt
768 2521 880 2599 minus
895 2526 978 2605 epta
992 2522 1128 2603 doceri,

150 2628 238 2695 Cum
251 2629 380 2693 nullum
395 2630 598 2712 obsequium
611 2617 786 2713 praestant,
800 2632 996 2733 meritisque
1009 2633 1155 2701 fetentur
1220 2726 1227 2733 ἱ
1243 2631 1247 2636 ’

151 2740 212 2805 Nil
227 2760 304 2804 sese
320 2740 442 2834 debere
458 2741 549 2819 suis;
571 2745 652 2804 tunc
665 2744 760 2803 recte
773 2726 921 2804 scientes
1021 2782 1026 2791 -

151 2849 238 2915 Cum
253 2851 301 2914 nil
317 2852 405 2915 scire
419 2851 544 2914 valent
560 2869 629 2914 non
643 2850 703 2915 illo
716 2855 869 2959 tempore
884 2870 1005 2920 sensus
1101 2920 1105 2929 ,
1179 2889 1183 2903 =

152 2957 334 3026 Humanos
349 2961 465 3024 forsan
480 2961 637 3042 dignatur
649 2962 798 3025 numen
787 2962 884 3041 mire,

152 3070 240 3136 Gum
255 3072 402 3156 propriis
417 3076 563 3156 possunt
576 3090 638 3155 per
652 3063 690 3136 se
706 3071 918 3139 discursibus
931 3076 992 3153 uti,
1081 3062 1086 3071 ’

154 3183 210 3247 Ne
225 3183 311 3247 forte
326 3183 474 3246 humana
487 3182 574 3246 ratio
590 3181 707 3247 divine
721 3172 838 3248 coiret.

196 3296 343 3376 Jamque
359 3294 563 3359 Sacerdotes
578 3293 710 3377 Regem
723 3293 759 3356 in
773 3286 962 3376 penetralis
975 3298 1092 3382 tempti

154 3407 344 3472 Duxerunt.
368 3405 472 3488 Tyrio
488 3403 710 3488 resplendens
725 3405 890 3487 sunguine
904 3401 1036 3473 statuo

154 3518 287 3586 Stratus
303 3522 375 3580 erat
389 3518 511 3593 lectus,
527 3521 658 3600 quotu,
674 3513 873 3593 Ptolemaeo,
887 3519 1087 3583 recumbens
1162 3604 1165 3613 Ι
1192 3593 1194 3596 ⁴
1225 3586 1228 3591 ,
1247 3499 1257 3524 ”

156 3627 304 3692 Fatidici
320 3627 440 3690 infelix
457 3632 578 3710 captus
592 3620 764 3709 praesugis
778 3619 899 3691 somni.

153 3737 315 3803 Secretos
329 3739 453 3801 intrant
466 3737 585 3820 templi
600 3736 677 3801 sole
692 3737 753 3800 ills
765 3748 923 3803 recessus
1015 3792 1018 3797 .

154 3849 306 3924 Somnia,
327 3868 404 3931 quae
420 3848 517 3912 Deus
531 3848 607 3930 ipse
623 3852 733 3928 creet3
755 3867 835 3912 nem
849 3836 975 3914 coetera
989 3850 1124 3930 cuncta,

156 3959 245 4039 Quae
261 3962 316 4022 vel
332 3961 512 4047 temperies
527 3959 653 4036 varias,
667 3959 826 4023 variosve
839 3950 1025 4043 sequuntur

155 4069 318 4154 Corporis
332 4065 502 4146 humores,
520 4070 576 4133 vel
591 4088 669 4152 queo
683 4061 831 4152 repetitu
842 4069 912 4135 diei
1086 4064 1090 4070 ’

156 4179 228 4243 Αιιι
242 4179 366 4256 studia,
383 4183 441 4242 aut
456 4199 547 4243 curae
562 4179 732 4263 finxerunt
744 4181 888 4260 somnia,
902 4183 1030 4271 templo

157 4290 334 4383 Exteriore
349 4290 467 4356 volent
480 4284 607 4356 multus
618 4290 785 4357 imitantia
799 4290 936 4385 formes
985 4281 994 4289 ‘⁴
1022 4304 1025 4308 ·
1134 4322 1137 4329 ·
