2784 4860
137 324 205 411 sis
431 334 941 411 surrnnununun

138 512 299 602 Contigit
322 514 478 583 Occiduo
494 516 538 582 de
552 506 989 582 cardineterminatAtlas=
1054 528 1060 539 ·
1108 542 1131 569 ..-

140 622 243 691 Parte
258 625 329 690 alia
338 624 465 703 -Tbera,
480 631 515 690 et
529 626 673 692 confinis
687 625 844 710 Syrtibus
858 622 1042 687 Ammon..
1140 658 1144 665 ·

140 734 301 820 Undique
316 735 460 802 diversae
476 742 604 820 gentes,
619 736 809 821 populique
823 734 946 801 remoti

140 844 354 913 Conveniunt
365 848 411 913 ad
428 849 526 931 signa
538 847 653 913 Jubae.
675 847 842 930 fulgentia
855 846 956 929 signa

141 956 321 1025 Medorum
336 960 476 1044 antiqua
491 958 605 1025 Mauri
620 958 663 1025 de
674 960 779 1043 stirpe
794 958 953 1024 tulerunt.

140 1067 255 1155 Atque
267 1070 401 1155 inopes,
418 1070 571 1153 quicum
583 1070 711 1134 mundo
727 1066 933 1133 commercia
947 1062 1035 1129 solis

141 1179 340 1263 Naufragiis
355 1180 572 1246 Nasamones
586 1179 723 1245 habent.
734 1177 974 1242 Garamantes
987 1172 1113 1257 iniquo

140 1287 214 1354 Sub
235 1290 326 1357 coelo
341 1290 459 1376 positi,
475 1290 608 1357 steriles
623 1289 683 1375 qui
698 1308 833 1373 semper
846 1305 969 1353 arenas

140 1399 386 1487 squallidaque
402 1418 485 1466 arva
494 1405 609 1466 tenent
622 1401 708 1466 solis
722 1398 887 1465 foecunda
899 1394 1055 1463 venenis.

141 1511 295 1598 Cumque
309 1511 364 1577 his
379 1511 598 1580 Marmaridae
615 1512 771 1579 medicas
785 1530 884 1596 egere
904 1512 1077 1587 catervas,
1177 1548 1180 1553 ·

140 1623 342 1709 Serpentum
356 1643 490 1691 morsus
505 1630 608 1691 cantu
622 1644 741 1690 curare
756 1622 879 1709 parati.
942 1668 945 1673 -
1101 1654 1104 1661 ·

139 1733 303 1800 Audaces
314 1735 488 1815 Numidae,
498 1742 533 1802 et
542 1737 725 1804 frenorum
739 1737 861 1803 nescia
873 1732 974 1801 turbe
1038 1732 1042 1737 ’

140 1845 299 1931 Massyli,
321 1848 456 1913 levibus
470 1854 593 1914 norunt
602 1850 662 1933 qni
675 1850 810 1915 flectere
825 1846 931 1929 virgis

139 1957 211 2024 Ora
223 1956 348 2023 ferocis
360 1958 460 2042 equi;
483 1959 708 2045 gregibusque
722 1957 1020 2024 assuetaierarum

139 2068 237 2136 Gens
251 2064 382 2149 Getula'
392 2068 484 2134 viros
495 2069 608 2147 mittit,
624 2069 684 2153 qui
699 2068 890 2134 comminus
902 2067 974 2132 iras

140 2178 387 2245 Indomitorum
401 2177 478 2242 ausi
493 2183 572 2242 sunt
584 2177 715 2242 irritare
728 2177 878 2246 leonum.

139 2288 390 2373 Autololesque
404 2287 496 2370 vagi,
511 2287 658 2372 pedibus
673 2287 733 2372 qui
746 2290 885 2355 vincere
900 2308 1044 2355 cursum-

139 2398 323 2465 Venatoris
339 2396 419 2480 equi
434 2396 590 2473 celerem,
612 2399 772 2482 cervique
782 2398 918 2481 fugacis

11 2502 13 2507 ⁴
140 2509 299 2591 Assueti3
323 2514 425 2592 atque
442 2506 550 2572 Mibae
566 2508 680 2573 vicino
696 2507 777 2573 Sole
791 2507 932 2593 perusti,

140 2620 212 2702 Qui
225 2621 349 2686 ferrum
363 2619 539 2697 infamant,
555 2620 789 2704 scelerataque
803 2619 875 2686 te'la
887 2619 1048 2701 venenis3

139 2732 186 2799 Et
194 2734 345 2799 membra
358 2730 488 2795 hirsuta
499 2730 596 2814 capri
610 2729 670 2814 qni
684 2730 775 2814 pelle
789 2734 946 2814 teguntur

141 2840 303 2927 Gynipbii
313 2858 435 2905 venere
447 2839 583 2920 Macae3
605 2839 771 2926 fortisque
781 2841 945 2927 juventus

141 2952 255 3034 Quam
269 2951 381 3035 Vaga,
398 2970 568 3036 quamque
582 2950 705 3017 Uncita
716 2950 833 3030 dabat,
849 2970 954 3037 qnam
966 2951 1061 3036 regia
1076 2940 1192 3023 Promis

140 3061 303 3140 Nutrivit,
318 3061 449 3126 vexilla
462 3059 564 3126 anae
581 3061 784 3127 comitantur
798 3063 923 3128 euntis.

140 3174 327 3261 Scipiadae,
343 3174 520 3258 Latiisque
531 3172 669 3258 Aquilis
682 3173 759 3241 haec
774 3174 911 3258 agmina
918 3174 1033 3261 jungit

141 3285 222 3352 Rex
235 3285 259 3350 J
260 3285 348 3366 uba3
365 3282 507 3368 jamque
522 3284 611 3349 actis
625 3284 803 3352 intendunt
815 3286 946 3351 viribus
960 3304 1098 3353 omnem

141 3395 246 3484 (Cum
259 3388 405 3481 primum
419 3394 578 3480 Zephyro
590 3395 699 3480 putris
714 3416 752 3461 se
768 3396 870 3479 gleba
881 3392 1040 3482 resolvit)

142 3508 184 3574 In
199 3508 336 3574 Latium
349 3508 432 3574 belli
447 3526 566 3573 casum
584 3506 764 3573 transferre
778 3505 894 3572 futuri.
974 3526 977 3531 ·
1100 3540 1104 3549 ·

141 3620 212 3686 Sed
226 3620 316 3685 celer
329 3620 366 3684 in
380 3619 524 3698 eunctis,
540 3636 741 3702 semperque
754 3615 877 3681 inferre
892 3616 1011 3682 su‘e'tns

141 3728 328 3814 Nunquam
341 3730 433 3795 bella
447 3729 520 3814 pati
536 3727 665 3805 Caesar,
680 3746 763 3792 mox
777 3727 873 3792 irrita
884 3725 969 3791 fecit

140 3841 232 3908 Haec
247 3842 385 3906 decreta
399 3841 547 3917 Ducum,
562 3838 758 3923 bellumque
773 3836 841 3903 huc
853 3834 968 3903 attulit
981 3854 1094 3903 omne.

140 3950 221 4018 Heu
236 3949 378 4016 nimium
392 3949 461 4015 cito
474 3948 689 4015 Marmaricis
704 3946 849 4013 cernetis
859 3946 988 4026 ineris,

141 4060 257 4142 Quam
269 4078 334 4125 vos
350 4057 522 4142 Hesperia
539 4056 706 4125 statuistis
721 4076 874 4141 quaerere
887 4061 988 4123 terra.

185 4169 355 4239 Dulcibus
370 4169 499 4235 interea
513 4169 697 4247 illecebris,
705 4168 864 4253 luxuque
878 4165 1014 4233 Ganobi
1079 4216 1085 4225 .
1243 4192 1249 4219 ι

141 4282 284 4372 Captus,
299 4288 335 4351 et
347 4279 483 4349 afflatus
497 4276 636 4348 fallente
650 4277 821 4365 Cupidine
834 4276 966 4357 cesar,
1088 4300 1093 4325 ··
1182 4294 1186 4301 ·
