2784 4860
334 374 557 444 ClVILIS
600 375 779 463 BELLI
823 374 933 446 L113.
968 376 999 443 1.
1182 377 1226 443 45

114 552 276 619 Imminet
290 545 458 616 armorum
472 551 605 617 rabies:
629 552 774 636 ferrique
789 553 943 637 potestas
1040 547 1043 552 ’
1097 546 1100 554 “

116 663 380 747 Gonfimdet·jus
396 682 495 726 omne
509 681 631 727 manu:
646 663 845 745 -scelerique
866 661 1014 727 nefando

115 773 254 847 Nomen
269 773 333 838 erit
347 773 472 837 virtus:
498 750 691 856 multirsque
713 769 877 837 exibit'in
892 792 1000 838 annos
1127 859 1131 863 ῃ

116 883 188 949 Hic
203 885 306 948 furor.
327 879 362 947 et
380 883 530 966 Superos
550 878 633 966 quid
647 884 787 967 prodest
804 904 947 968 poscere
967 883 1092 948 fineml
1175 892 1176 895 ’

117 992 206 1058 Cum
219 993 358 1058 domino
374 1011 446 1076 pax
460 993 528 1057 ista
541 993 645 1059 venit.
668 992 867 1058 duc‘Roma
880 994 1047 1058 malornm
1090 1011 1093 1014 ’
1109 1011 1116 1023 ’·
1156 987 1221 1058 670

115 1101 321 1168 Continuam
342 1103 482 1168 seriem:
506 1103 705 1187 clademque
720 1104 756 1168 in
771 1100 925 1186 tempora
942 1103 1049 1167 multa

117 1213 280 1290 Extrahe,
302 1213 396 1278 civili
410 1218 540 1277 tantum
551 1214 625 1297 jam
645 1215 754 1278 libera
773 1214 876 1278 bello.

115 1322 320 1389 Terruerant
335 1323 419 1388 satis
439 1323 515 1388 haec
527 1323 699 1407 'pavidam
718 1323 889 1407 praesagia
910 1322 1064 1406 plebem:

117 1433 188 1497 Sed
202 1434 513 1517 majorapremrmt.
529 1453 609 1497 nam
628 1435 744 1516 qualis·
756 1431 1002 1499 vertice'Pindi

118 1542 250 1607 Edonis
265 1543 400 1626 Ogygio
416 1544 563 1608 decurrit
583 1545 687 1628 plena
702 1543 828 1628 Lyaeo:
1160 1528 1233 1608 675⁴

116 1651 215 1716 Talis
237 1657 272 1716 et
293 1653 469 1716 attonitam
484 1655 613 1737 rapitur
627 1659 782 1719 matrona
796 1676 858 1738 per
879 1655 1008 1732 urbem,

117 1761 278 1828 Vocibus
293 1761 350 1826 hic
365 1763 514 1846 prodens
535 1769 708 1846 urgentem
728 1771 869 1847 pectora
890 1764 1071 1828 Phoebum.

120 1870 202 1949 Quo
218 1873 306 1936 feror
326 1892 347 1937 o
366 1872 499 1937 Paeanl
523 1894 592 1957 qua
605 1895 659 1938 me
680 1895 783 1957 super
803 1875 1082 1958 aetheraraptum
1176 1858 1179 1862 Α
1216 1893 1220 1903 ·

120 1981 309 2047 Constituis
330 1985 441 2048 terrai
464 1985 564 2048 video
581 1984 733 2066 Pangaea
753 1987 884 2049 nivosis

311 2133 359 2180 669
376 2130 454 2190 osop.
565 2134 612 2181 670
630 2139 656 2178 tu
668 2140 765 2179 tontum.
874 2135 922 2181 673
939 2134 1041 2180 tortam..

121 2277 272 2330 tempestates
294 2270 415 2319 acerrimus
432 2271 540 2326 concitet,
557 2273 662 2333 bellaque
686 2281 722 2320 tes
738 2272 863 2323 Thessaliae
874 2273 935 2328 ferri,
953 2272 1035 2332 Ploebt
1047 2273 1122 2320 6111616
1133 2272 1226 2335 agitata,

122 2344 147 2382 et
157 2336 235 2381 eaedes
256 2351 317 2396 saepe
337 2337 462 2396 portendit.
497 2337 621 2398 Effingitur
639 2338 663 2384 in
687 2339 722 2384 sic
733 2338 858 2384 vaticinata
869 2345 912 2384 est.

122 2396 385 2458 formumjurenis‘enee
398 2400 503 2446 accincti.
538 2401 621 2462 Sulpit.
720 2405 776 2450 675.
795 2401 898 2463 Edonis]
917 2397 1228 2456 BoedinuseuMaenesAEeo·

158 2466 214 2512 666.
233 2463 463 2526 Ferriquepotestos]
475 2465 502 2511 Id
514 2473 557 2521 est,
569 2467 606 2513 vis
614 2470 663 2528 jus·
688 2467 726 2512 chi
745 2467 861 2513 sacerdos.
896 2467 963 2513 Edon
979 2467 1083 2512 Thraciae
1102 2482 1167 2512 mons
1184 2473 1227 2521 est,
1252 2524 1258 2530 ἱ

121 2527 200 2577 titiam
212 2529 335 2590 opprimet,
352 2538 376 2576 et
384 2531 423 2588 jus
433 2530 511 2589 fasque
523 2546 597 2576 omne.
632 2532 664 2578 Et
689 2547 756 2592 quern
768 2531 801 2577 ita
811 2531 899 2595 dictum
911 2531 992 2577 volunt
1003 2532 1031 2576 ub
1042 2532 1125 2577 Edono
1142 2532 1227 2592 Mydo-

123 2591 256 2641 6611661661
272 2594 347 2640 scelus
359 2609 401 2654 pro
414 2595 500 2640 virtute
511 2595 662 2643 habebuntur.
688 2597 725 2643 nis
734 2598 803 2642 fratre
816 2611 929 2656 germano.
964 2595 1027 2640 Hine
1036 2596 1227 2643 Edonia'lhreis-

124 2657 209 2716 Sulpit.
228 2655 338 2719 Ferrique
358 2658 474 2720 potestas]
492 2659 566 2719 Supra
586 2676 622 2708 vr.
641 2663 662 2707 1.
689 2659 845 2707 sallorteos.
864 2661 966 2708 Nonest
985 2656 1228 2721 1111616666616·
1316 2683 1319 2687 ·

122 2721 193 2781 hujus
204 2720 266 2768 libri.
521 2778 524 2785 Ι
689 2726 751 2771 tolen
778 2725 833 2770 tecit
854 2731 931 2783 poete,
962 2720 1036 2776 H‘irric
1056 2724 1159 2770 scribens
1185 2739 1228 2785 pro

158 2787 215 2832 668.
235 2785 363 2847 Multoque
383 2787 461 2842 exibet,
490 2785 547 2849 616]
566 2788 665 2836 Duravit
689 2788 777 2844 ll'iurir,
794 2796 820 2834 ut
838 2788 889 2834 vult
907 2787 1017 2834 Servius:
1044 2789 1085 2833 sed
1104 2788 1227 2847 legendnm

124 2850 226 2911 quinque
236 2866 296 2911 pene
306 2866 376 2897 unnos
388 2852 474 2898 bellum
490 2852 567 2899 civile.
648 2883 650 2885 -
691 2853 781 2900 odona.
809 2855 819 2899 1
843 2848 925 2904 st’ioric.
945 2851 1031 2898 Odones
1050 2852 1152 2898 Thracia¹
1172 2868 1227 2912 po.

159 2917 215 2962 669.
235 2914 266 2961 Ε1
276 2915 379 2979 Superos,
397 2915 454 2979 dra]
472 2917 554 2976 Neque
567 2918 601 2964 fas
620 2925 664 2972 est,
689 2926 715 2965 ut
721 2917 829 2964 Bistones.
835 2917 889 2964 inde
901 2913 985 2970 n'ioric,
993 2915 1082 2971 mulier,
1092 2923 1118 2962 ut
1127 2867 1227 2970 Breroii.

124 2994 200 3040 neque
212 2995 225 3025 e
236 2980 297 3040 Rep.
309 2980 371 3026 votis
383 2996 510 3041 exposcere
520 2981 589 3028 finem
598 2983 665 3043 hujus
690 2982 768 3028 Solms.
789 2982 873 3044 Ogygio
890 2980 978 3043 Lyra]
995 2980 1067 3027 Plena
1088 2981 1187 3037 Baccho,
1205 2988 1229 3028 et

124 3042 191 3096 belli,
208 3044 248 3102 qui
264 3060 310 3090 non
322 3044 390 3091 datur
407 3045 456 3092 sine
467 3046 618 3106 oppressione
636 3047 664 3092 li·
690 3047 775 3094 Bacchi
791 3047 869 3092 furore
886 3045 967 3093 efflatu.
993 3043 1085 3104 ogygia
1099 3045 1175 3092 insula
1191 3054 1228 3093 est

124 3107 240 3166 bertutis;
263 3109 402 3156 extendatur
419 3111 496 3170 itaque
517 3111 561 3156 hoe
580 3112 664 3158 bellum
689 3118 769 3158 eontra
797 3110 915 3156 Lacinium
936 3100 1124 3169 promontorium.
1164 3109 1226 3157 Plin.

124 3179 243 3231 utcunque
261 3172 387 3220 miserum:
404 3182 431 3221 ut
450 3174 489 3221 vel
508 3175 541 3220 sio
563 3176 665 3222 fruamur
688 3176 729 3222 lib.
745 3178 768 3223 3.
787 3191 807 3220 e.
829 3179 868 3222 10.
887 3174 969 3234 Lycus
987 3173 1094 3218 Bacchus
1113 3173 1196 3221 dicitnr
1214 3191 1229 3220 6

125 3235 243 3282 libertate.
690 3240 810 3295 solvendo,
828 3239 889 3299 quod
900 3240 978 3285 vinum
988 3237 1109 3284 immodice
1121 3239 1228 3286 haustum

158 3304 216 3349 670.
234 3300 292 3348 Cum
303 3301 411 3364 dominu]
432 3302 490 3348 Cum
508 3301 598 3350 Cresure
617 3304 664 3351 vic·
689 3307 791 3351 membru
804 3303 878 3351 solvat
887 3310 911 3349 et
921 3309 1022 3350 enervet.

124 3370 177 3411 tore
198 3380 245 3424 pax
262 3365 355 3426 quidem
372 3366 450 3414 brevis
467 3367 553 3422 veniet,
576 3369 616 3416 sed
632 3385 666 3430 eu
722 3372 777 3415 676.
797 3369 847 3422 Quo
851 3367 940 3431 feror]
958 3367 1037 3412 Verba
1052 3373 1106 3412 sunt
1116 3365 1177 3413 vetis
1193 3368 1227 3414 in·

125 3444 180 3475 cum
201 3429 318 3476 servitute.
338 3429 392 3477 Duc
415 3429 493 3485 Romu,
511 3430 567 3493 dre]
591 3433 665 3480 Aver-
690 3450 750 3480 sunae
768 3434 797 3480 ad
808 3434 930 3488 Phoebum,
947 3433 1012 3490 cujus
1030 3431 1122 3476 numine
1133 3431 1227 3492 agitata,

125 3493 191 3538 61666
211 3502 319 3553 precetur
330 3495 423 3556 longum
434 3503 458 3541 et
469 3497 600 3543 diuturnum
617 3498 665 3543 bel·
690 3498 755 3559 fingit
776 3513 801 3544 se
823 3498 911 3544 nescire
934 3511 979 3556 quo
1000 3495 1109 3556 gentium.
1136 3495 1227 3559 Pecu]

125 3557 175 3602 lum
190 3559 267 3613 civile,
290 3565 317 3606 ut
332 3559 426 3605 libertas
445 3566 509 3606 tanto
528 3561 558 3607 sit
576 3561 665 3608 diutur·
690 3563 774 3622 Apollo
796 3560 839 3608 61111
863 3562 901 3608 τοῦ
924 3555 998 3613 παίειν,
1027 3560 1063 3606 vel
1094 3559 1166 3607 παύειν
1188 3564 1228 3613 τὰς

124 3621 186 3675 nior,
204 3638 271 3683 quarn
282 3623 358 3670 Rome
366 3623 433 3670 simul
445 3623 556 3671 amissura
567 3633 603 3671 est
614 3642 665 3672 curn
690 3623 753 3679 ἀνίας.
772 3627 808 3673 vel
826 3622 855 3672 ub
867 3624 1029 3672 acclamatione
1049 3625 1150 3680 Latonoe,
1167 3641 1228 3672 coero

126 3701 194 3748 pace.
228 3687 305 3748 Atque
322 3689 372 3734 heo
392 3689 554 3748 quidemdicit
565 3690 666 3738 Martem
690 3693 796 3751 Pythone
808 3689 825 3735 11
837 3692 885 3736 rai.

124 3751 151 3798 in
164 3751 262 3797 statione
275 3752 328 3798 coeli
336 3752 426 3800 minari.
446 3751 511 3799 Hert.
723 3759 778 3804 679.
800 3752 886 3818 Video]
904 3755 942 3801 Iu
951 3752 995 3799 Dis
1006 3755 1067 3813 apud
1078 3754 1228 3813 Petronium

161 3817 217 3862 673.
247 3814 396 3871 Terruerant,
422 3815 478 3880 &c.]
508 3818 585 3865 Verba
612 3827 666 3866 sunt
691 3819 764 3867 Cerno
775 3820 877 3880 equidem
893 3819 984 3882 gemino
995 3821 1047 3881 jam
1061 3827 1141 3866 stratos
1157 3827 1227 3867 morte
1259 3815 1261 3819 ¹

126 3880 227 3937 Poetae;
242 3880 304 3936 licet,
317 3879 399 3942 inquit,
411 3882 486 3928 omnia
498 3883 543 3930 ista
551 3885 665 3945 prodigia,
690 3884 815 3946 Philippos,
832 3883 991 3943 Thessaliaque
1012 3898 1082 3946 rogor,
1103 3892 1123 3929 et
1136 3883 1228 3948 funera

126 3944 258 4004 aruspicum
268 3960 387 4007 responsa,
398 3953 421 3992 et
436 3946 596 3994 Mathematici
607 3964 666 4008 prae·
688 3951 763 4012 gentis
783 3947 862 4004 lbere,
880 3946 923 3994 &u
941 3947 1043 4010 Pangaea
1064 3948 1143 3996 nivosis
1164 3949 1228 3996 Cana

126 4008 250 4063 dictiones,
267 4018 378 4057 terrorem
397 4010 513 4057 hominnm
533 4012 613 4059 uuirnis
630 4013 665 4059 in·
682 4015 757 4076 jugis,
774 4014 869 4074 latosque
883 4011 954 4068 AEmi,
967 4009 1023 4074 &e.]
1040 4012 1227 4073 ingementem

126 4072 261 4131 cutiebant3
276 4082 352 4120 tamen
361 4074 463 4121 fatidicae
474 4075 614 4123 mulierculae
627 4094 666 4124 en·
689 4077 810 4136 Thraciae3
833 4084 856 4124 61
874 4076 995 4138 Plrilippos
1013 4075 1130 4123 civitatem
1146 4079 1176 4124 ad
1191 4094 1226 4125 re-

126 4136 666 4204 111361666666116116ν6116161616,166116166316
690 4143 765 4190 dicem
774 4141 836 4189 AEmi
844 4141 929 4190 montis
943 4141 1045 4190 Threcia
1056 4158 1061 4186 :
1082 4140 1126 4188 Ubi
1136 4143 1228 4190 videtur

127 4199 215 4248 civium
226 4203 487 4266 mentesperoellebunt
506 4204 610 4253 Heriem.
689 4217 763 4255 661111·
773 4208 877 4261 inmtcre,
893 4216 1020 4270 pugnatum
1035 4220 1079 4253 esse
1088 4208 1149 4254 inter
1162 4206 1227 4254 Pom-

162 4269 217 4314 6⁷4.
237 4265 296 4313 Nam
306 4268 386 4328 qualis,
403 4267 459 4331 dre]
477 4270 537 4318 Nam
554 4277 665 4327 matrona,
686 4273 765 4332 prium
783 4281 805 4320 61
822 4271 939 4325 Cererem,
964 4271 1022 4332 quod
1042 4278 1065 4317 et
1083 4289 1098 4319 a
1115 4271 1227 4332 plerisque

128 4331 547 4392 66111611666666661661116616666
557 4335 665 4384 mulieres
690 4336 740 4383 aliie
760 4337 876 4384 autoribus
884 4336 978 4402 jbctum
999 4343 1039 4390 est,
1055 4350 1070 4382 e
1085 4335 1184 4396 Virgilio
1203 4339 1226 4382 1.

127 4395 315 4443 lurore'l'bebeni
327 4395 411 4444 lieeebi
422 4404 542 4458 correptae,
554 4413 664 4461 permon-
690 4402 774 4462 Georg.
793 4400 905 4449 liemarum
917 4400 975 4447 ucicr
989 4402 1072 4448 iterum
1085 4401 1161 4448 uidere
1172 4398 1229 4447 Plri-
