2784 4860
145 345 185 409 10
319 323 321 327 ’
412 337 462 404 Μ.
499 334 705 404 nummi
742 326 965 400 Lucam

143 514 250 579 Nulla
263 512 347 577 fides
362 512 455 594 regui
471 511 588 587 sociis,
613 510 789 592 omnisque
804 513 958 592 potestas

143 625 331 709 Impatiens
349 624 516 687 consortis
532 623 605 687 erit.
628 639 692 689 neo
709 621 865 703 gentibus
884 620 966 684 ullis

144 736 297 815 Credite3
320 755 385 798 uec
399 735 506 816 longe¹
524 733 670 798 fatorum
684 731 844 814 exempla
857 735 1014 814 petantur
1026 751 1033 793 :

144 845 305 910 Fraterno
325 846 424 928 primi
444 845 645 909 maduerunt
662 842 826 924 sanguine
842 842 940 905 muri.

144 956 220 1021 Nec
236 957 380 1038 pretium
391 956 485 1019 'tanti
496 935 607 1030 tellus,
625 957 824 1036 pontusque
838 951 962 1015 furoris

143 1067 240 1131 Tunc
256 1072 345 1130 erat:
370 1065 530 1148 exigumn
550 1065 708 1129 dominos
722 1063 892 1126 commisit
905 1061 1049 1144 asylum.
1076 1108 1080 1119 .

186 1178 365 1260 Temporis
383 1178 517 1260 angusti
531 1178 665 1242 mansit>
677 1175 862 1239 eoncordia
883 1175 1028 1248 discors

144 1287 288 1370 Paxque
304 1288 368 1351 fuit
381 1308 450 1350 nou
465 1293 586 1368 sponte
609 1289 745 1347 ducum.
767 1303 847 1348 nam
865 1286 942 1376 sola
955 1284 1058 1348 futuri

142 1398 289 1463 Crassus
305 1403 377 1462 erat
390 1397 472 1459 belli
492 1396 624 1458 medius
638 1413 745 1456 mora.
792 1395 947 1472 Qualiter
961 1395 1071 1459 undas
1111 1411 1118 1419 '
1179 1394 1245 1458 100

145 1506 215 1586 Qui
230 1512 336 1582 secat,
360 1511 394 1569 et
414 1506 582 1587 geminum
603 1503 740 1586 gracilis
755 1523 846 1567 mare
862 1510 999 1587 separat
1018 1505 1178 1584 Isthmos,

144 1618 222 1684 Nec
237 1620 363 1701 patitur
378 1615 529 1680 conferre
544 1615 685 1679 fretum:
709 1616 740 1678 si
754 1620 842 1679 terra
856 1617 1005 1694 recedat,

45 1796 49 1802 .
145 1730 280 1794 Ionium
295 1728 417 1809 AEgaeo
433 1727 566 1808 frangat
583 1746 694 1791 mare:
717 1727 780 1802 sic,
800 1728 863 1790 'ubi
878 1747 973 1793 saeva

144 1839 251 1904 Arma
265 1839 390 1902 ducum
409 1837 580 1914 dirimens,
603 1836 795 1900 miserando
810 1836 926 1901 funere
942 1837 1087 1902 Crassus

144 1950 307 2033 Assyrias
322 1949 422 2012 Latio
444 1947 629 2011 maculavit
646 1947 809 2028 sanguine
826 1945 972 2025 Carras,
1181 1948 1246 2012 105

145 2058 307 2126 Parthica
321 2059 498 2123 Romanos
514 2058 686 2122 solverunt
706 2057 830 2121 damna
844 2057 986 2148 fluores.

146 2170 231 2235 Plus
246 2171 306 2233 illa
323 2170 424 2233 vobis
446 2170 532 2245 acie,
557 2167 829 2251 quam—creditis,
853 2172 967 2232 actum
982 2172 1035 2232 est

145 2280 344 2345 Arsacidae:
367 2279 495 2344 bellum
509 2280 609 2344 victis
630 2277 900 2343 civilededistis.

146 2367 318 2482 Diuiditur
333 2390 421 2455 ferro
442 2409 599 2472 regnum:
622 2387 810 2474 populique
826 2389 987 2472 potentio,

147 2497 235 2580 Quae
250 2521 353 2578 mare,
377 2521 454 2585 quae
470 2505 586 2578 terras,
609 2519 687 2584 quae
702 2504 810 2564 totum
824 2501 981 2583 possidet
994 2501 1121 2576 orbem,
1180 2500 1246 2564 110

146 2610 230 2677 Non
245 2613 336 2696 cepit
351 2613 487 2677 fortuna
509 2612 607 2677 duos.
629 2628 709 2676 nam
724 2611 867 2695 pignora
877 2612 989 2696 juncti

382 2777 415 2824 94
430 2789 466 2820 oe.
578 2775 627 2821 103
637 2771 745 2836 franget.
843 2775 890 2821 107
909 2780 993 2820 octrtm.

181 2927 220 2972 93.
238 2921 288 2970 Nec
304 2925 409 2987 gentibus
429 2924 491 2980 ullis,
511 2923 569 2986 dno]
597 2926 680 2985 Neque
706 2923 833 2970 telonium
855 2926 884 2971 ab
901 2903 1030 2972 Occidente
1049 2931 1073 2970 et
1090 2924 1196 2986 AEgoeum
1213 2926 1242 2972 ab

149 2987 219 3048 Argis
236 2995 260 3033 et
270 2989 358 3036 Thebis
372 2990 472 3050 petendu
484 2996 551 3036 eruut
566 2988 681 3050 exempla,
708 2988 812 3036 Oriente.
1240 2997 1242 3000 '

147 3051 200 3111 ipsa
211 3051 285 3110 prima
301 3053 367 3100 urbis
386 3061 470 3100 nostrae
488 3053 619 3102 rudimenta
633 3069 681 3100 ma·
739 3055 796 3098 103.
815 3051 937 3115 Frangat]
954 3054 992 3100 Ita
1001 3053 1088 3100 rectius
1099 3067 1168 3114 quam
1168 3052 1242 3118 fiun-

149 3117 248 3162 dcerunt
262 3119 373 3176 sanguiue
384 3118 479 3163 alterius
490 3135 503 3164 e
514 3117 681 3170 conditoribus,
706 3123 753 3178 get.
788 3115 892 3162 Grotius.

149 3179 422 3235 Remieeilieetafratre
435 3177 608 3233 Romulocreoi,
622 3193 683 3238 pra·
741 3181 797 3227 105.
814 3177 918 3242 Currus]
945 3181 1034 3227 Urbem
1056 3181 1242 3242 Mesopotamia,

148 3249 218 3290 textu
234 3251 386 3304 contemptus,
413 3245 476 3304 quod
492 3258 578 3290 uorum
598 3242 683 3290 vallum
708 3259 753 3304 quo
764 3251 835 3290 noctu
850 3261 876 3292 se
893 3243 984 3306 rugiens
999 3252 1120 3307 receperat
1134 3247 1242 3302 Oramus,

148 3307 296 3355 &desilisset
710 3308 810 3356 charan.
1195 3310 1196 3313 ’

173 3374 223 3421 07.
241 3371 355 3435 Asylum]
373 3372 486 3419 Romulus
494 3370 616 3433 asylumiu
625 3373 683 3418 urbe
741 3375 797 3420 106.
815 3372 934 3420 Solverunt
951 3373 1043 3429 damac,
1061 3371 1120 3435 δια]
1138 3376 1241 3436 Aperue-

150 3444 280 3496 uperuerat,
295 3451 340 3497 quo
352 3451 431 3483 omues
442 3436 483 3498 qui
501 3437 650 3497 confugerant
660 3436 684 3483 in
707 3444 762 3484 mut
779 3437 842 3484 'riam
869 3438 980 3486 simultati
1000 3441 1060 3486 Goee.
1086 3446 1111 3486 et
1138 3439 1244 3501 Pompeii

149 3506 240 3560 partem
251 3507 275 3547 et
285 3501 398 3548 fortunam
408 3516 475 3548 uovae
493 3499 683 3548 urbisinvitavit.
708 3508 832 3563 erupturae.
1014 3557 1016 3561 ¹

179 3565 223 3613 ’98
242 3562 357 3625 Temporis
375 3567 476 3628 angusti,
501 3563 559 3626 δια]
588 3565 684 3612 Modico
741 3570 797 3616 108.
815 3565 1009 3628 Arracidc,&e.]
1026 3566 1244 3623 OPurtbi,ab.Ar-

151 3629 274 3675 admodum
283 3635 387 3689 tempore
398 3631 491 3678 duravit
501 3629 625 3678 eoncordia
634 3630 684 3677 huo
709 3646 763 3679 sace
774 3640 868 3679 auctore
877 3631 986 3692 imperii;
1000 3631 1043 3678 lib.
1055 3635 1079 3678 8.
1091 3647 1127 3679 ve.
1141 3634 1198 3679 118.

150 3692 211 3739 inter
222 3693 357 3752 Pompeium
369 3701 393 3740 et
404 3695 520 3742 Cursarem
529 3709 575 3742 nou
586 3694 685 3750 sincera,
742 3699 799 3744 109.
817 3694 1010 3807 Diuiditurgerro
1019 3694 1138 3759 regnum]
1150 3698 1244 3744 Mortuo

151 3763 290 3817 expectante
299 3764 397 3818 utroque
411 3759 506 3806 dimidii
514 3758 668 3806 occasionem.
709 3760 914 3815 emmeramum
951 3775 993 3806 uas
1010 3767 1088 3820 parter
1101 3763 1196 3822 respub.
1208 3761 1244 3808 di-

163 3857 165 3862 .
185 3823 225 3869 99.
244 3820 304 3867 Nom
332 3823 378 3868 eota
392 3822 485 3888 fratreri,
510 3822 569 3885 &o.]
605 3822 685 3871 l'ertiu
708 3825 776 3872 vulsa
793 3826 847 3881 fuit,
862 3831 890 3872 ut
908 3823 969 3872 inter
989 3824 1048 3871 dnos
1065 3825 1095 3874 de
1112 3822 1244 3886 principatu

151 3900 229 3932 causa.
245 3887 683 3949 tlaedescramiepudParthos,quem,
708 3890 769 3937 ferro
789 3891 958 3938 deoemeretur.
976 3887 1083 3938 Hortcar.
1117 3889 1246 3952 Populique

152 3952 228 4010 quoad
248 3950 318 4006 vixit,
335 3957 432 4012 uterque
450 3951 563 4013 respexit,
579 3960 684 4000 metuens
706 3953 823 4017 potentia]
844 3952 940 4014 Imperii
961 3955 1029 4000 Rom.
1050 3954 1179 4016 amplitudo
1198 3969 1245 4001 nou

151 4013 243 4062 seilicet
251 4030 280 4062 ue
296 4030 368 4062 noras
379 4032 418 4063 res
433 4016 583 4064 molientibus
598 4017 638 4064 ille
648 4017 684 4064 iu-
708 4017 796 4066 ferebet
815 4020 883 4073 duos,
910 4032 955 4066 uon
977 4017 1069 4066 suffecit
1088 4019 1189 4067 duobus.
1214 4021 1244 4066 ad

152 4079 285 4126 terveuiret.
330 4080 425 4128 Medius
444 4081 522 4142 itaque
539 4081 684 4131 intercedens
710 4085 766 4132 120.
777 4083 898 4142 vuinira.⁴
994 4091 998 4102 ¹

151 4141 276 4191 dirimebat
284 4143 369 4191 bellum
381 4145 459 4193 civile.
475 4162 521 4193 uon
539 4163 606 4194 secus
616 4155 685 4208 atquc
742 4151 798 4196 111.
816 4144 1070 4210 Namdtgmrajamu.
1081 4146 1141 4209 &c.]
1154 4147 1245 4202 Quarta

151 4206 253 4254 Isthmos
270 4208 386 4255 Achaious
404 4225 446 4258 seu
464 4211 633 4267 Goriutlriueue,
658 4211 685 4259 id
709 4227 786 4262 ecura.
819 4215 884 4261 Mors
901 4213 970 4260 lulioe
989 4213 1089 4260 cesam
1112 4211 1176 4268 filiae,
1192 4229 1248 4274 quae

152 4277 196 4326 ebt,
213 4281 380 4334 angustatam
390 4274 507 4323 interduo
518 4275 597 4334 maria,
609 4274 686 4326 obstat
709 4285 781 4339 nupta
792 4277 903 4339 Pompeio
916 4280 998 4340 etjam
1014 4277 1121 4339 gravida,
1134 4274 1179 4328 ubi
1190 4292 1244 4324 cou-

153 4336 289 4396 quominus
307 4340 474 4388 ooufundantur
485 4349 510 4389 ot
523 4341 685 4395 commisceant
709 4342 762 4404 ugia
782 4350 881 4400 vertam,
899 4343 1096 4391 temere-domum
1106 4358 1123 4389 e
1132 4340 1244 4397 comitiis,
