2784 4860
152 327 219 393 rou
428 320 479 388 Μ.
515 321 721 391 auvmr
756 320 990 427 nucum

153 495 334 561 Vidimus:
357 495 445 571 haec,
460 495 553 559 fama
568 498 631 572 est,
647 496 758 560 oculis
773 496 914 561 victorie
927 494 1041 581 iniqui

49 664 52 669 ,
156 606 303 682 Servari,
320 605 526 689 scelerisque
540 604 642 669 fidem
657 606 824 688 quaesisse
839 611 1031 690 tyrannum.
1048 630 1052 637 ·

155 715 249 783 Nam
264 736 388 800 corpus
403 716 582 780 Phariaene
597 735 712 792 canes,
728 716 909 800 avidaeque
922 717 1088 783 volueres

156 827 368 903 Distulerint,
385 847 429 891 an
444 827 599 903 furtivus,
615 847 716 909 quem
730 828 890 903 vidimus,
905 827 994 909 ignis

157 936 315 1015 Solverit,
329 939 459 1020 ignoro.
475 957 690 1020 quaeeunque
704 938 827 1021 injuria
840 937 903 1002 fati

156 1048 310 1115 Abstulit
323 1049 387 1111 hos
402 1054 506 1122 artus,
523 1047 663 1129 Superis
678 1047 753 1111 haec
769 1047 910 1111 crimina
923 1048 1035 1111 donor

156 1163 300 1227 Servata
314 1160 357 1223 de
372 1165 467 1241 parte
484 1177 616 1241 queror.
639 1157 726 1221 Cum
741 1158 824 1221 talia
839 1157 987 1241 Magnus

156 1270 340 1336 Audisset:
364 1289 433 1332 non
448 1271 484 1332 in
500 1269 655 1351 gemitus,
671 1269 907 1350 lacrymaeque
922 1266 1078 1333 dolorem

92 1354 98 1367 ’
156 1381 303 1461 Effudit3
322 1381 484 1463 justaque
498 1379 613 1440 furens
627 1379 754 1459 pietate
768 1376 941 1460 profatur:

158 1491 379 1573 Praecipitate
393 1493 484 1551 rates
499 1507 518 1549 e
534 1486 629 1550 sicco
643 1487 754 1548 littore
768 1491 882 1551 nautae
895 1509 905 1568 3

159 1599 291 1665 Classis
306 1600 341 1662 in
357 1599 519 1676 adversos
533 1602 688 1680 erumpat
700 1598 825 1679 remige
840 1602 981 1663 ventos:

159 1710 213 1775 Ite
228 1712 333 1774 duces
348 1728 500 1773 mecum:
523 1728 696 1791 nunquam
711 1707 870 1773 civilibus
884 1708 989 1773 armis

157 1821 271 1885 Tanta
284 1821 348 1884 fuit
362 1840 503 1896 merces,
519 1820 713 1885 inhumatos
729 1822 875 1885 condere
888 1838 1019 1897 manee,

157 1931 329 2014 Sanguine
345 1932 495 1995 semiviri
510 1930 674 2014 Magnum
689 1933 813 1997 satiare
827 1931 983 2014 tyranni.

158 2042 241 2106 Non
256 2063 319 2124 ego
336 2042 484 2107 Pellaeas
499 2062 607 2119 arces,
624 2043 803 2125 adytisque
818 2045 983 2105 retectum

159 2151 294 2236 Corpus
308 2151 496 2216 Alexandri
511 2153 609 2234 pigra
623 2152 814 2217 Mareotide
827 2152 1002 2234 mergam?

159 2262 242 2326 Non
256 2262 339 2326 mihi
350 2261 570 2344 Pyramidum
584 2263 723 2325 tumulis
738 2263 877 2327 evulsus
892 2261 1044 2338 Amasis,

159 2369 274 2454 Atque
289 2373 349 2436 alii
363 2392 459 2453 reges
474 2372 557 2436 Nilo
572 2375 716 2436 torrente
730 2372 919 2436 natabuntl

160 2480 285 2546 Omnia
299 2481 378 2545 dent
393 2501 516 2563 poenas
530 2481 622 2545 nudo
637 2482 712 2556 tibi,
728 2480 866 2562 Magne,
882 2481 1061 2564 sepulorut
1101 2507 1115 2519 ·

158 2590 327 2656 Evolvam
341 2593 442 2655 busto
454 2592 529 2675 jam
543 2610 668 2654 numen
682 2591 838 2672 gentibus
855 2590 941 2669 Isin,

159 2700 204 2766 Et
217 2707 344 2767 tectum
358 2702 428 2765 lino
445 2719 603 2784 spargam
617 2720 678 2782 per
692 2700 814 2782 vulgus
830 2699 967 2778 Osirim,

160 2849 485 2911 romanarumque.
520 2852 567 2896 142
580 2848 714 2901 neumae.
759 2851 809 2899 144
819 2850 925 2898 asem.
970 2824 1268 2923 raruffueumfflm

259 2916 307 2960 148
316 2929 342 2961 er
351 2916 389 2960 ric.
478 2916 653 2974 150nutquom.
753 2913 913 2961 154Meotide.
1012 2917 1060 2966 155
1068 2918 1169 2973 daubo.

356 2980 403 3028 157
413 2977 515 3039 emulari.
603 2974 783 3026 15elavolaam.
945 2980 993 3028 159
1005 2978 1067 3029 Nlla

158 3103 267 3166 praesidet
277 3104 437 3161 reveritnrum‚
449 3104 573 3152 crudeliter
584 3104 607 3150 in
616 3111 695 3159 nostrq
756 3106 809 3154 153.
828 3102 881 3152 Non
888 3119 928 3168 ego
936 3102 1103 3171 Pellemdca]
1121 3110 1269 3163 cmm

160 3171 452 3229 eonspectuneeatnefuit.
471 3168 576 3223 Herem.
595 3168 695 3219 Orado-
721 3174 757 3214 rat
772 3169 882 3215 vindicte
900 3183 985 3231 genera
998 3170 1071 3219 varie.
1096 3172 1268 3227 Primuvelt

161 3233 213 3296 cis]
231 3234 318 3281 uiuo.
330 3249 390 3280 vers.
403 3237 459 3282 681.
723 3232 828 3280 refodere
839 3249 924 3295 corpur
934 3232 1062 3282 Alexandri
1069 3236 1162 3299 unge,
1172 3234 1267 3291 ’σιὼ-

194 3301 251 3346 140.
268 3298 419 3362 decorisque]
437 3296 490 3346 nib.
497 3296 520 3351 d,
528 3313 588 3346 vere.
597 3301 652 3348 688.
662 3298 698 3345 in·
723 3311 775 3345 rum
790 3312 871 3357 regum
890 3298 1011 3358 sepulchre
1027 3300 1145 3359 demoliri,
1162 3300 1192 3353 e't
1213 3322 1267 3355 ω

160 3363 222 3410 dicia
233 3364 334 3412 sceleris.
723 3376 803 3413 eorum
812 3361 946 3423 dispergere
955 3362 980 3408 in
987 3363 1088 3421 flumine,
1098 3363 1146 3415 &a
1157 3366 1266 3423 Hm.

196 3429 251 3474 143.
265 3428 376 3491 doluerit]
387 3426 666 3477 lncinereeverteritdih.
674 3430 696 3474 8.
724 3424 837 3487 Pellem]
860 3425 1030 3479 Alexandriam.
1055 3428 1094 3477 Ad
1122 3430 1128 3443 ¹
1195 3442 1267 3485 m.

161 3508 222 3540 vere.
232 3494 289 3543 ⁷55.
298 3491 400 3556 Ignea]
413 3493 483 3550 Quod
489 3492 514 3538 in
522 3493 588 3549 mari,
597 3497 697 3539 extento
723 3496 780 3546 tum,
793 3488 850 3550 δια]
867 3490 995 3551 Sepnlolrro
1012 3490 1124 3545 effoetum
1257 3500 1264 3513 '

160 3554 292 3620 intervallo,
300 3557 359 3604 nihil
369 3558 426 3605 certi
435 3557 514 3604 videre
524 3555 648 3617 potuerint.
723 3568 816 3619 corpus.
825 3553 866 3607 lib.
879 3556 902 3601 8.
915 3570 949 3601 vr.
960 3558 1016 3607 694.

193 3624 249 3668 144.
268 3620 353 3684 Dorta]
370 3622 490 3678 Condono,
501 3621 604 3682 ignosco.
756 3620 812 3666 154.
830 3617 955 3666 Mareotide
968 3618 1089 3685 mergam]
1106 3622 1210 3689 ΕΜ
1225 3644 1266 3691 μ.

160 3678 166 3687 ’
194 3689 251 3735 145.
268 3684 360 3733 Sernota
374 3684 584 3748 depompatae]
607 3686 645 3732 De
661 3700 698 3737 οιι-Ι
722 3681 785 3729 lude.

161 3749 211 3817 pite
221 3747 453 3804 illiueinudveutum
462 3749 561 3798 uernis
572 3756 671 3797 servato.
756 3746 811 3798 155.
829 3744 997 3810 Pyramidum]
1022 3747 1085 3797 Vide
1100 3766 1155 3813 qu
1170 3768 1218 3805 m
1235 3758 1266 3805 ul

195 3815 250 3862 147.
261 3811 475 3877 Justaqaefurcns]
491 3814 697 3874 Conjonctivaque,
723 3809 962 3871 epist.1.Martid.b.
980 3811 1087 3879 Ameria}
1099 3814 1265 3879 Emeum,

161 3894 207 3940 pro
218 3878 342 3925 discretiva
352 3878 396 3927 sed.
413 3878 454 3925 lib.
468 3884 490 3926 1.
507 3894 542 3925 ve.
555 3881 610 3928 252.
621 3884 645 3925 et
655 3878 695 3926 lib.
723 3874 923 3924 Herodotum.
941 3874 1003 3923 Plir'r.
1014 3878 1058 3925 36.
1066 3894 1118 3943 cap.
1130 3882 1176 3935 12„

160 3946 184 3989 2.
194 3957 230 3989 vt.
239 3942 278 3992 35.
756 3942 811 3987 157.
830 3938 918 4005 Nuda]
938 3941 1067 4002 Insepulto.

194 4009 251 4071 148.
271 4005 419 4067 Praecipitate,
437 4005 493 4071 &c.]
521 4008 639 4055 Decorum
658 4005 697 4052 lric
754 4008 812 4054 158.
837 4001 907 4066 Iria]
940 4004 1044 4053 Eundem
1065 4020 1119 4057 cum
1139 4008 1177 4065 lo,
1195 4024 1266 4075 qm

161 4077 239 4119 servat
249 4071 331 4124 Poeta,
347 4070 483 4118 irroratione
492 4070 602 4132 juvenilis
612 4070 696 4126 acutis,
722 4067 830 4129 AEgyptii
841 4069 946 4116 colebant
957 4071 1002 4116 rub
1013 4070 1092 4131 speeie
1102 4086 1193 4129 vm.
1200 4082 1232 4125 ni
1240 4082 1264 4123 et

161 4135 286 4184 immodice
303 4134 452 4191 vehementis,
481 4136 588 4196 nulloque
607 4130 698 4193 judicio
722 4132 809 4180 Osirim
819 4133 862 4179 sub
873 4132 973 4195 imagine
983 4134 1052 4182 bovis
1060 4136 1266 4193 mimidelih,

161 4196 328 4264 precipientis
339 4213 364 4244 ee
374 4199 404 4245 ad
414 4198 547 4254 vindictam.
565 4198 668 4245 Hatera.
722 4200 745 4253 8.
757 4213 792 4243 vr.
802 4200 860 4249 831.

172 4268 174 4272 “
195 4260 250 4312 1522
274 4262 387 4340 Sanguine
402 4257 519 4328 semiviri]
546 4263 698 4321 Ptolemaeum
754 4263 813 4315 159,
828 4259 1048 4327 Terentiam]
1065 4260 1263 4323 Ouirlrnefmrq

161 4330 250 4397 cadere
261 4327 355 4377 inferres
364 4327 489 4391 Pompeio.¹
720 4325 834 4399 Typhone
846 4323 980 4377 Maiiam
990 4326 1039 4377 Isiu
1045 4342 1106 4385 uxor
1114 4330 1164 4381 tela
1172 4330 1220 4395 ihi
1227 4348 1264 4391 η.
