2784 4860
144 355 210 423 eto
401 338 476 417 vM.
522 347 722 417 ANNAEl
768 334 988 417 nucum
1019 390 1023 397 ·

143 528 337 611 Amplexus
347 527 443 604 fineS,
459 526 578 606 saltus,
593 518 841 608 nemorosaque
861 530 992 608 tesqua,

144 637 188 703 ut
202 639 319 713 silvas,
340 643 524 719 vastasque
545 637 636 701 feras
656 637 814 719 indagine
829 635 969 701 claudit.

145 748 227 812 Non
239 749 361 812 desunt
381 748 506 830 campi,
525 766 595 811 non
609 747 731 810 desunt
744 747 874 828 pabula
897 743 1039 829 Magno,

146 858 334 941 Castraque
358 857 518 922 Caesareo
538 857 768 921 circumdatus
787 876 908 938 aggere
929 860 1049 920 mutat.

146 967 305 1033 Flumina
324 973 376 1032 tot
396 986 515 1032 aursus
536 968 607 1030 illic
630 970 750 1030 exorta
763 965 918 1047 fatigant,

145 1078 221 1142 Illic
237 1097 349 1142 mersa
363 1097 465 1141 suos:
489 1095 697 1160 operumque
711 1081 750 1138 ut
764 1094 897 1140 summa
910 1077 1049 1154 revisat,

93 1192 99 1199 '
145 1188 313 1254 Defessus
329 1187 447 1252 Caesar
461 1187 582 1251 mediis
597 1188 797 1250 intermanet
811 1185 913 1267 agris.

146 1297 247 1362 Nune
263 1303 361 1362 vetus
377 1297 506 1362 Iliacos
522 1297 654 1362 attollat
667 1296 785 1360 fabule
804 1315 933 1372 muros,

144 1407 395 1490 Adscribatque
411 1408 517 1471 Deis:
539 1407 651 1489 fragili
667 1407 876 1471 circumdata
889 1410 979 1471 testa

144 1516 277 1581 Moenia
291 1518 450 1581 mirentur
463 1518 572 1600 refugi
589 1512 781 1599 Babylonia
795 1515 925 1581 Parthi.
1198 1514 1249 1585 6⁰

144 1626 198 1689 En
215 1632 377 1709 quantum
392 1626 515 1707 Tigris,
532 1631 693 1710 quantum
709 1629 799 1692 celer
813 1628 919 1692 ambit
934 1625 1091 1704 Orontes,
1236 1618 1240 1623 ’

77 1748 80 1753 ’
143 1737 295 1821 Assyriis
311 1744 473 1821 quantum
488 1739 626 1821 populis
641 1739 770 1804 telluris
786 1738 870 1804 ane

144 1847 275 1912 Sufficit
289 1849 325 1910 in
339 1869 489 1930 regnum,
505 1850 665 1924 subitum,
680 1848 829 1932 bellique
844 1848 990 1913 tumultu

144 1957 295 2042 Raptum
311 1960 435 2024 clausit
450 1981 548 2043 opus.
567 1959 652 2024 tanti
667 1959 796 2042 periere
811 1961 957 2025 labores.

143 2068 211 2134 Tot
230 2075 369 2152 potuere
386 2090 506 2134 manus
522 2070 703 2154 adjungere
719 2068 842 2135 Seston
857 2069 994 2154 Abydo,
1132 2102 1135 2107 ·
1199 2070 1267 2135 55-

159 2241 323 2301 42ναεεαεφιε.
406 2243 519 2292 45illinc.
594 2246 626 2292 47
636 2244 761 2304 interjacet,
772 2245 896 2301 intermeat,
907 2242 1040 2290 interrainet.
1123 2240 1244 2307 sentu-

241 2304 371 2361 51Et,At.
449 2308 583 2356 54cloudit.
657 2311 690 2357 54
701 2310 787 2370 quanti.
857 2304 1143 2371 soaarjangereteaen

176 2446 216 2490 41.
233 2443 394 2508 Nemorosaque
405 2447 498 2510 tesqua]
523 2450 582 2495 Sunt
601 2457 678 2496 autem
702 2449 763 2496 latos
775 2449 802 2496 L.
813 2447 915 2504 cubitos,
925 2449 985 2495 altos
995 2447 1122 2511 quadruplo
1133 2447 1244 2510 emplius,

146 2517 228 2570 tesqua,
239 2510 291 2557 looe
302 2512 407 2568 dumosa,
419 2513 542 2572 sylvestria
553 2522 577 2561 et
589 2529 677 2575 aspera.
703 2514 727 2561 ln
748 2513 846 2561 eirouitu
864 2515 974 2561 habentes
993 2513 1068 2560 stadis
1084 2511 1174 2561 CCCL.
1192 2511 1242 2560 Iro·

177 2577 216 2622 43.
234 2573 287 2621 Non
299 2577 379 2623 desum
395 2577 479 2637 pabala
498 2576 603 2640 Magno]
620 2578 680 2625 Tun·
703 2579 759 2625 uice.

144 2643 193 2684 turn
204 2646 253 2685 erat
264 2641 323 2700 septi
332 2642 439 2701 spatium,
449 2643 679 2702 quantumsuffieeret
736 2645 775 2690 51.
795 2641 911 2696 Quantum
933 2639 1015 2705 Tegris,
1037 2640 1094 2704 dra]
1121 2641 1241 2698 Quantum

144 2702 255 2763 Pompeio
274 2705 303 2750 ad
324 2707 415 2763 pabula,
437 2708 467 2752 ad
486 2713 561 2754 eastre
580 2708 678 2755 subinde
703 2714 752 2753 tum
763 2705 957 2766 areoeooeupsrit
972 2706 1076 2771 Babylon
1090 2720 1159 2766 quara
1173 2706 1251 2754 alluit.

143 2768 259 2822 mutanda,
280 2776 307 2816 nt
327 2772 389 2828 quod
413 2772 536 2818 multorum
561 2773 679 2818 damiam
704 2772 833 2832 Euphrates
845 2772 884 2831 qni
899 2770 1023 2830 in'l'igrim
1040 2771 1152 2827 funditur,
1169 2784 1241 2831 qusn-

143 2831 227 2887 sorites,
239 2848 328 2889 oureus,
339 2835 430 2881 etostie
440 2837 567 2882 contineret
576 2845 600 2882 et
608 2853 678 2897 quan·
703 2844 751 2882 lum
767 2836 898 2890 Antiochia,
919 2849 986 2895 quem
1008 2835 1112 2880 interluit
1132 2834 1241 2892 Orontes,

143 2902 193 2941 tum
201 2895 338 2944 lassitudine
348 2901 471 2947 oonlioeret
482 2901 598 2947 Caesarem
608 2916 679 2962 opera
703 2907 811 2961 quantum
821 2900 896 2947 Ninos
906 2898 972 2959 regni
988 2899 1055 2944 sedes
1066 2905 1090 2945 et
1106 2899 1240 2959 urberegis

142 2959 298 3007 lustratorum.
703 2965 814 3024 Assyriae,
826 2973 914 3011 tentum
923 2962 1007 3024 raptim
1018 2963 1243 3024 oleusitCoesaragi

175 3027 215 3072 45.
233 3024 338 3072 Flumina
357 3035 389 3073 tot
406 3026 503 3089 corsua]
522 3030 552 3075 Et
572 3029 615 3075 hoo
632 3045 678 3076 non
704 3043 757 3090 gere
771 3044 820 3075 suo.

144 3088 218 3135 solum
236 3090 265 3135 ed
279 3091 480 3152 amplificationem
498 3093 582 3153 spatii3
597 3108 679 3140 verum
735 3095 775 3141 52.
793 3091 889 3139 Telluris
899 3089 970 3153 an]
983 3090 1099 3139 Asiaticas.
1109 3092 1168 3151 linat
1177 3105 1239 3138 e-

144 3152 214 3203 stium
233 3155 262 3200 sd
286 3156 375 3215 copiam
395 3172 472 3202 rerum
490 3157 677 3215 necessariarum,
702 3156 837 3218 fueruntque
848 3172 926 3204 ornnes
940 3163 1075 3203 enumeratae
1093 3157 1171 3212 nrbes,
1185 3166 1241 3216 peri

141 3233 198 3278 quas
208 3225 289 3265 ustura
301 3219 346 3266 loci
357 3223 477 3281 praebebat
491 3223 611 3283 Pompeio,
624 3238 678 3284 per-
702 3221 743 3268 tim
756 3221 780 3268 ia
791 3222 884 3279 minori,
901 3229 926 3268 et
939 3221 1024 3283 partim
1040 3221 1064 3267 in
1074 3220 1157 3280 majori
1174 3220 1238 3268 Asis.

142 3283 214 3339 tinet3
231 3299 301 3344 quum
311 3285 404 3332 flumina
418 3285 451 3331 ibi
467 3293 525 3343 orte,
543 3286 620 3350 longis
638 3302 678 3334 an·
703 3285 806 3333 Hortens.

141 3346 252 3395 fructibus
264 3349 350 3396 viarum
364 3350 413 3396 suis
424 3352 530 3397 cursibus
540 3350 633 3408 lassata,
644 3350 678 3398 ibi
735 3353 774 3399 54.
789 3350 909 3415 Raptum]
918 3348 1014 3410 Raptim
1020 3346 1239 3397 meleretum-Sul·

141 3428 232 3460 rursum
250 3429 276 3459 se
293 3414 318 3460 ia
334 3430 396 3462 mare
411 3415 563 3463 effunderent.
580 3416 678 3463 Horten-
699 3416 741 3475 pit.
769 3415 837 3462 Tanti
850 3416 934 3475 periere
954 3413 1055 3476 laborm]
1081 3414 1156 3461 'l'snts
1172 3414 1238 3472 Nini,

143 3478 197 3523 sias.
702 3478 874 3535 laomedontis,
884 3478 1050 3533 Semiramidis,
1064 3479 1157 3525 Menai
1167 3494 1241 3540 opera

174 3543 214 3588 47.
233 3541 370 3590 intermanet
385 3543 466 3607 agris]
484 3544 561 3606 Opera
578 3545 677 3592 Caesaris
702 3544 826 3591 viotssant
836 3544 864 3589 ab
876 3545 919 3590 lroo
930 3543 1075 3589 Cremrisao:
1092 3543 1134 3599 uel,
1146 3543 1238 3591 lritsnti

142 3610 390 3661 tentamentorum
404 3625 469 3655 mane
480 3611 510 3655 ed
519 3625 547 3656 es
557 3609 678 3656 revisenda
702 3607 800 3656 Caesaris
815 3608 905 3655 labores
923 3615 949 3653 et
963 3607 1009 3669 ipsi
1023 3607 1089 3655 brevi
1103 3607 1129 3655 ia
1147 3622 1238 3656 essm

142 3670 225 3728 exiret,
236 3673 328 3732 vesperi
339 3673 516 3733 defatigarent
524 3673 607 3719 mediis
616 3674 678 3734 agris
702 3672 807 3720 eeeidere
817 3673 939 3735 profligato
948 3672 1047 3720 cerm.
1216 3686 1234 3703 ·“

142 3743 278 3792 remaneret,
288 3745 312 3784 et
321 3745 468 3796 pernoctaret
482 3739 587 3786 defessus
599 3739 676 3784 umbu-
734 3739 774 3787 55.
793 3736 834 3784 Tot
840 3744 930 3797 potum
945 3752 1026 3783 marn
1035 3735 1180 3800 adjungere]
1193 3735 1238 3785 Hc

140 3797 216 3846 lando.
236 3799 339 3848 limera.
699 3810 786 3863 possent
794 3810 814 3848 et
824 3800 898 3848 Athon
913 3815 990 3861 copem
999 3802 1083 3848 dans.
1096 3799 1128 3847 Et
1136 3809 1239 3849 metm

174 3869 214 3913 48.
233 3863 303 3912 Nunc
318 3875 380 3914 oetas
392 3865 477 3920 iliacos,
488 3864 545 3928 dre]
562 3866 677 3913 Fabulosa
699 3867 907 3930 pelugusgemeatis
922 3865 996 3912 Helles
1007 3864 1161 3913 intereludm
1171 3875 1239 3928 ponte

139 3929 188 3987 jam
199 3935 224 3975 et
231 3945 291 3976 vana
299 3931 422 3991 antiquitas
429 3934 502 3991 jaetet
514 3947 590 3978 muros
600 3931 677 3992 'l'rojae
701 3946 747 3977 nort
757 3932 854 3979 manti.
872 3930 917 3976 vt·
932 3929 1065 3977 Domitiana
1076 3929 1167 3992 Papinii
1175 3930 1238 3978 libru

141 3993 195 4039 XL.
208 3995 241 4040 M.
252 4009 313 4054 pass.
325 3995 349 4040 in
366 3996 473 4050 eireuitu,
490 4011 549 4056 quos
559 3996 642 4056 Apollo
653 4002 677 4042 et
701 3999 725 4045 4.
742 3995 871 4057 Sylvsrum.
888 3993 1106 4058 AtijumenSeston,
1122 3993 1181 4058 dra]
1198 3996 1242 4043 sa·

141 4058 264 4118 Neptunus
275 4075 288 4105 a
299 4061 454 4106 laomedonte
463 4060 571 4106 conducti
581 4059 678 4107 struxis-
701 4061 883 4120 amplificandam
901 4058 1038 4112 iudustriam
1057 4059 1165 4114 oanan
1181 4063 1246 4108 eauss'·

141 4139 167 4170 se
178 4123 288 4170 feruntur.
306 4123 400 4171 ironice.
490 4120 493 4125 ’
700 4123 1238 4186 meratnllqaotloes,rnultisstadiisdistsotis,

173 4190 213 4236 49.
230 4187 390 4250 Adscribatque
412 4187 485 4249 Deis]
526 4187 635 4249 Neptuno
652 4194 677 4235 et
700 4205 752 4250 quse
761 4191 899 4250 conjungere
906 4188 1239 4251 parioonstupotuissbtses·

140 4251 251 4313 Apollini.
263 4253 354 4317 Frugili
363 4254 509 4309 mroumdata,
518 4249 575 4314 dra]
586 4253 676 4308 Parthi,
700 4261 738 4301 tas
748 4254 810 4300 enim
821 4259 845 4300 et
854 4255 952 4314 Abydus
963 4253 1051 4316 oppida
1060 4258 1113 4301 suet
1121 4254 1239 4301 nutum·

140 4319 245 4364 simulate
255 4319 310 4378 fuga
320 4318 419 4379 praeliari
428 4317 500 4374 soliti,
510 4332 553 4378 pro
565 4315 676 4365 musculo
701 4317 858 4380 Hellesponti,
880 4318 941 4366 inter
960 4332 987 4364 se
1004 4317 1142 4379 οδῇιοοιῑὶι
1163 4317 1238 4367 &m

138 4383 237 4429 babeant
250 4383 375 4445 Babylonis
389 4398 466 4431 muros
486 4400 498 4430 e
516 4381 675 4441 latereooato,
700 4381 797 4446 Abydo]
813 4383 881 4430 Vere.
896 4385 952 4432 674.
961 4382 1004 4430 lib.
1016 4384 1039 4431 2.
1132 4398 1136 4405 ·
1162 4402 1179 4409 ··
