2784 4860
149 322 214 391 seo
456 317 953 391 surranusurnu
1029 410 1035 415 ,

148 492 363 561 Gemmative
377 492 443 556 tori
457 491 598 575 passim,
613 493 741 577 pictive
756 501 890 581 tapetes

148 605 327 671 Caesareos
343 608 489 686 pascunt
504 604 637 681 oculos,
651 625 715 669 nec
730 607 814 671 talia
829 612 936 685 curat,

149 715 241 780 Dum
256 733 363 797 prope
379 715 512 777 sidereo
529 715 661 779 cunctis
677 718 918 799 splendoribus
932 732 993 782 ore

147 824 348 902 Praeradiat,
364 825 527 907 vultuque
542 830 657 889 movet
672 824 856 911 Cleopatra
865 826 1032 909 superbo.
1102 880 1105 887 .

149 936 252 1000 Hanc
268 935 372 1010 videt,
388 933 467 998 huic
484 935 593 998 oculis
609 940 643 999 et
656 942 795 1019 pectore
810 942 902 1001 totus
916 935 1086 1017 inbaeret3

148 1044 296 1128 Quoque
311 1045 420 1126 magis
436 1045 553 1121 cernit,
569 1046 677 1127 magis
693 1047 806 1126 ardet;
830 1052 955 1111 caetera
967 1046 1050 1111 visu

148 1156 337 1239 Splendida
351 1175 429 1237 quar
444 1156 567 1236 primo,
583 1152 721 1221 sordent
735 1157 873 1241 objecta
886 1156 1065 1221 secundo:-

148 1266 345 1331 Foemineus
360 1265 464 1328 decor
479 1272 630 1346 augetur,
646 1267 836 1349 crescitque
849 1266 993 1330 revisus.

147 1376 341 1459 Purpureas
358 1380 472 1457 stupet
486 1375 544 1439 ille
560 1394 688 1452 comas,
707 1382 742 1439 et
756 1374 903 1439 candida
917 1374 1021 1451 colla,

149 1486 257 1565 Queis
272 1487 413 1568 gemmis
428 1487 489 1549 lux
502 1487 613 1570 major
626 1488 725 1550 inest.
741 1484 951 1549 abscondere
965 1484 1114 1549 formam

147 1596 288 1661 Divitiae
304 1596 475 1673 eximiam,
491 1616 560 1659 non
574 1615 739 1660 exornare
752 1595 929 1672 videntur;

148 1706 314 1784 Quamvis
329 1726 398 1771 non
413 1705 534 1769 desunt
549 1704 723 1788 Erythraeo
738 1726 757 1769 e
771 1706 884 1769 littore
897 1690 1053 1787 pemmae,

147 1813 228 1880 Non
243 1817 357 1899 spolia
371 1816 437 1879 Eoi
452 1814 594 1897 Gangis,
609 1836 678 1879 non
692 1814 857 1898 quicquid
870 1814 907 1877 in
918 1814 1022 1881 nudie

145 1928 304 1993 Volvitur
318 1925 482 2008 AssyriiS,
498 1932 557 1989 aut
571 1926 668 1990 dives
682 1925 784 1988 mittit
798 1920 1023 2009 Hydaspes;'
1085 1946 1091 1951 -
1164 1894 1167 1899 ¹
1247 1878 1252 1887 ¹

146 2039 228 2103 Non
241 2037 394 2100 Arabum
409 2057 454 2100 ex
468 2038 573 2119 petris
588 2037 688 2101 viridi
703 2034 883 2118 splendore
898 2034 1130 2141 Smaragduau
1164 2114 1167 2121 ¹

147 2149 224 2212 Nec
238 2148 328 2229 lapis
345 2151 493 2223 auratuS,
510 2166 612 2229 quem
627 2147 686 2211 dat
700 2146 892 2211 Mareotica
903 2146 1017 2211 tellus.

146 2256 294 2321 Sidereis
309 2254 463 2319 Adamas
477 2256 583 2319 radiis
597 2256 772 2321 hebetatur
786 2255 900 2332 ocelli,
1196 2326 1200 2333 ,

147 2366 292 2450 Quoque
307 2367 419 2429 minus
433 2365 538 2441 lucet,
552 2365 670 2431 formae
684 2367 794 2449 magis
809 2370 911 2449 auget
923 2364 1098 2431 honorem.
1138 2442 1154 2451 ,-
1224 2434 1246 2451 ἡ

145 2477 350 2560 Sapphimm
364 2475 506 2558 pulchro
521 2476 724 2559 pendentem
738 2482 878 2561 pectore
891 2476 1032 2543 vincunt
1153 2506 1158 2511 ·
1240 2558 1248 2565 ι

144 2586 280 2651 Caerula
293 2605 455 2651 venarum
468 2586 631 2666 violaria3
653 2587 750 2652 labra
764 2585 924 2653 Rubinus
980 2612 983 2617 ·

143 2698 226 2762 Non
238 2716 340 2761 rosea
353 2701 514 2780 aequaret,
530 2697 596 2760 nisi
610 2698 720 2780 primo
736 2699 830 2763 victa
842 2698 976 2777 fnisset,

75 2803 78 2809 ’
144 2808 187 2871 Et
198 2808 308 2890 pudor
322 2813 460 2889 augeret
475 2827 575 2891 quem
590 2808 650 2873 dat
665 2807 798 2872 Natura
811 2809 980 2873 ruborem.
1009 2878 1016 2887 ,

185 2916 360 2981 Ausonius
376 2917 508 2982 Ductor
517 2918 720 3001 jamdudum
730 2918 881 2997 saucius,
895 2919 1012 3001 ignem¹

143 3026 303 3109 Concipit
317 3027 395 3091 inde
409 3047 546 3105 novum,
562 3029 735 3114 nimioque
750 3029 947 3095 accenditur
962 3000 1072 3109 aem
1161 3092 1164 3097 .
1215 2998 1247 3003 ..

143 3140 219 3204 Nec
235 3140 408 3222 placidam
423 3140 533 3204 celare
549 3142 672 3219 studet,
688 3140 750 3206 sed
764 3161 906 3225 pascere
919 3140 1116 3221 flammam
1188 3208 1193 3217 ,

143 3250 310 3329 Quaenam
330 3246 472 3333 (inquit)
491 3249 616 3313 nostris
631 3250 767 3316 obstare
781 3251 936 3335 potentia
948 3252 1051 3335 rotis,
1131 3278 1134 3285 ·

141 3359 213 3424 Aut
228 3380 304 3443 quae
319 3359 411 3422 fama
424 3359 562 3440 potest?
586 3358 669 3441 quid
682 3360 734 3424 sic
750 3361 933 3425 durissima
945 3361 1063 3435 virtus¹
1121 3414 1124 3419 .

141 3469 348 3553 Oppugnata
362 3469 499 3549 ageretl
520 3468 629 3533 facies
644 3468 838 3534 absolveret
851 3470 920 3555 ista¹
1038 3544 1044 3555 ,

140 3580 163 3643 J
164 3579 263 3642 udice
278 3583 448 3660 raptorem
463 3578 564 3654 coelo,
581 3598 660 3642 nam
674 3579 758 3644 talia
772 3580 945 3664 quondam
1033 3610 1037 3617 ·

65 3756 71 3771 x
140 3689 265 3772 Stupra
279 3689 363 3752 Deis
379 3690 519 3752 summis
535 3689 686 3753 celebres
701 3690 848 3755 tribuere
863 3696 988 3775 poetae,

140 3800 278 3864 AEthere
293 3802 352 3883 qui
366 3803 466 3864 toties
481 3820 627 3883 posuere
641 3800 808 3865 Tonantis
826 3802 969 3878 amicas,

61 3944 64 3949 -
141 3908 185 3973 Et
198 3909 306 3973 forma
321 3912 465 3977 eximias
480 3911 590 3975 fecere
606 3910 779 3975 Heroides
794 3915 896 3977 astra.

139 4020 363 4103 Temporibus
378 4022 408 4085 si
423 4021 499 4087 visa
513 4022 582 4085 illis
597 4020 781 4105 Cleopatra
794 4022 927 4107 fuisset,

139 4132 221 4197 Non
236 4153 336 4197 coma
351 4133 501 4223 Niliacae¹
513 4133 696 4198 Berenices
712 4153 816 4197 aurea
830 4133 922 4197 coelo

139 4242 317 4323 Fulsisset,
332 4244 482 4329 pulchrae
498 4263 561 4308 nec
578 4243 738 4309 Pleiades
753 4250 847 4310 astra
860 4244 1024 4325 luissent3

1180 3274 1250 3337 --Ᾰζ

1191 3388 1250 3445 ··.ἷὶ
