2784 4860
332 371 547 441 CIVILIS
591 371 760 442 BELLI
802 368 1012 443 merx.
1165 369 1237 440 ω·

135 544 256 614 Morsu
270 551 361 616 virus
376 553 512 630 habent,
528 554 678 618 etfatum
693 545 993 619 dente‘minan'ture
1050 544 1052 550 ’
1096 614 1097 617 ,
1165 542 1232 619 615

136 660 271 726 Pocula
285 670 390 727 morte
407 671 531 729 carent.
555 665 662 743 dixit3
685 665 891 748 dubiumque
905 685 1072 731 venenum

139 771 286 836 Hausit:
310 779 344 837 et
356 775 391 836 in
406 780 478 838 tota
494 774 612 858 Libyae
628 775 705 839 fons
720 796 806 839 unus
818 773 947 840 'arena'
1089 774 1093 780 ’

137 879 201 944 Ille
217 882 290 959 fuit,
306 883 348 946 dc
364 904 433 966 quo
455 885 582 967 primus
598 885 664 948 sibi
680 892 838 968 posceret
857 887 994 950 undam.

181 989 249 1053 Cur
265 992 414 1075 Libycus
430 994 532 1058 tantis
548 973 697 1058 exundet
710 997 865 1077 pestibus
881 1015 939 1059 aer

140 1097 275 1164 Fertilis
290 1103 325 1164 in
339 1109 476 1179 morteS,
493 1109 552 1168 aut
565 1085 648 1186 quid
660 1109 791 1168 secreta
806 1107 943 1169 nocenti
1168 1106 1232 1172 620
1285 1101 1287 1111 '

141 1207 319 1275 Miscuerit
334 1213 466 1276 Natura
481 1215 568 1291 solo,
583 1234 652 1278 non
661 1234 760 1291 cura,
775 1215 940 1299 laborque

140 1315 266 1384 Noster
288 1323 374 1385 scire
389 1325 499 1387 valet:
522 1323 588 1386 nisi
608 1323 700 1406 quod
719 1327 857 1407 vulgata
871 1347 933 1409 per
947 1327 1068 1392 orbem·

141 1428 274 1495 Fabula
288 1454 350 1515 pro
364 1440 445 1498 vera
460 1436 595 1518 decepit
609 1436 726 1500 secula
740 1455 856 1500 causa.

141 1539 284 1605 Finibus
299 1546 458 1608 extremis
474 1545 611 1629 Libyes,
626 1546 686 1609 ubi
700 1546 831 1610 fervida
844 1547 944 1610 tellus

140 1647 281 1734 Accipit
295 1652 470 1718 Oceanum
484 1656 632 1720 demisso
648 1656 721 1720 sole
737 1657 913 1732 calentem,
1166 1651 1235 1722 625

143 1758 352 1842 Squalebant
367 1765 434 1828 late
451 1764 686 1848 Phorcynidos
701 1786 784 1830 arva
799 1765 966 1845 Medusae,

142 1867 224 1933 Non
238 1893 411 1936 nemorum
431 1880 585 1956 protecta
600 1896 710 1953 coma,
731 1895 802 1939 non
816 1877 934 1941 mollia
953 1877 1063 1954 sulco,

145 1978 213 2042 Sed
229 1982 375 2047 dominae
391 1985 486 2048 vultu
501 1987 697 2069 conspectis
713 2006 836 2069 aspera
850 1988 956 2051 saxis.

144 2089 225 2153 Hoc
240 2093 384 2173 primurn
403 2101 523 2158 natura
536 2115 664 2160 nocens
678 2097 713 2159 in
733 2116 875 2181 corpore
890 2116 1002 2164 saevas
1301 2183 1303 2186 y

145 2198 273 2265 Eduxit
287 2209 420 2284 pestes:
443 2205 512 2267 illis
527 2227 546 2269 e
560 2206 718 2270 faucibus
738 2227 865 2288 angues
1174 2194 1239 2271 63⁰

147 2308 296 2376 Stridula
310 2314 466 2378 fuderunt
480 2316 620 2381 vibratis
636 2317 737 2380 sibila
750 2318 885 2400 linguis,
936 2337 939 2348 ¹

149 2420 318 2487 Femineae
335 2426 393 2506 qui
408 2446 500 2490 more
517 2446 625 2492 comae
640 2447 701 2510 per
714 2432 808 2508 terga
823 2429 937 2511 soluti,

149 2528 232 2613 Ipsa
247 2533 462 2614 flagellabant
477 2538 653 2618 gaudentis
672 2537 762 2600 colla
782 2535 938 2601 Medusae

146 2639 294 2723 Surgunt
308 2645 453 2709 adversa
467 2648 633 2712 subrectae
644 2647 752 2712 fronte
768 2648 929 2723 colubrae,

147 2750 398 2837 Vipereumque
413 2755 487 2821 fluit
497 2757 632 2840 depexo
648 2757 739 2821 crine
754 2777 932 2822 venenum.
1177 2755 1241 2819 635

150 2860 230 2924 Hoc
245 2862 348 2928 habet
360 2867 491 2943 infelix,
506 2867 638 2931 cunctis
652 2867 800 2950 impune,
815 2865 974 2942 Medusa,

151 2968 252 3047 Quod
268 2982 423 3057 spectare
438 2979 528 3042 licet.
550 2997 631 3042 nam
643 2979 760 3054 rictus,
776 2997 902 3060 oraque
916 2976 1058 3048 monstri
1155 3005 1160 3008 ·

151 3107 199 3158 615
203 3105 252 3169 fot.
265 3110 289 3153 in
305 3110 377 3156 dente.
460 3115 507 3160 617
520 3110 605 3175 Libyes.
681 3114 729 3158 618
740 3112 819 3158 undas.
892 3114 939 3162 619
949 3110 1033 3158 audet.
1115 3106 1242 3171 623jomo.

217 3175 395 3222 emendarem.
476 3179 523 3226 632
534 3176 635 3223 Femineo
644 3177 691 3223 cui.
779 3175 921 3226 6³tsolutae.
1002 3175 1051 3221 634
1068 3181 1178 3220 surrecta.

357 3242 404 3287 636
413 3243 539 3304 cunctisque
554 3242 643 3302 impune
652 3239 746 3288 resoluit.
907 3240 953 3287 637
967 3239 1042 3292 Quoia.

114 3333 118 3339 ’
187 3352 242 3397 616.
268 3350 411 3415 Dubiomqoe
432 3369 545 3409 uenenum,
569 3351 625 3415 dre]
655 3357 686 3401 ll·
744 3354 799 3399 626.
817 3351 968 3414 Phorcynidos
977 3366 1032 3397 anu
1044 3347 1165 3411 Meum]
1174 3348 1244 3396 Filire

155 3429 236 3474 quam;
252 3432 319 3476 quarn
329 3418 413 3478 reliqui
431 3425 537 3479 tunquam
555 3426 687 3466 venenatum
712 3417 795 3465 Phorci
805 3431 847 3462 ceu
859 3418 991 3477 Phorcynos
1001 3422 1026 3462 et
1040 3414 1119 3461 (letus.
1139 3412 1241 3463 Hesiod-

154 3479 294 3527 horruerunt.
711 3483 830 3542 Theogon.

189 3545 244 3592 619.
263 3544 548 3609 CurLibyeus‚&c.]Cur
556 3546 688 3608 Libyaeer-
745 3548 800 3594 628.
819 3543 917 3590 Dcminae
938 3543 1011 3597 orabo,
1032 3540 1088 3603 bro]
1129 3541 1244 3598 Medum,

157 3610 265 3667 pentibus
276 3611 382 3666 abundet,
393 3627 437 3656 non
449 3611 482 3658 ito
490 3612 627 3673 inpromptu
634 3626 687 3657 ceu·
712 3626 764 3671 quae
776 3610 826 3656 vise
836 3609 912 3655 omnia
920 3609 1023 3654 vertebat
1032 3606 1056 3652 in
1068 3621 1131 3652 sue.

157 3687 183 3717 ea
194 3680 236 3726 est,
247 3674 291 3719 nisi
301 3676 359 3720 sorte
371 3675 499 3721 adhibenda
510 3677 541 3722 sit
558 3677 615 3722 lidae
624 3677 688 3721 tabu-
745 3676 800 3722 629.
818 3672 867 3720 Hoc
883 3675 988 3734 primum,
1003 3669 1064 3730 ue]
1089 3672 1121 3747 In·
1135 3669 1245 3718 ,Meam

158 3737 186 3781 loe
197 3739 312 3793 referenti,
330 3739 392 3799 quod
409 3756 460 3786 curn
473 3743 569 3787 Perseus
587 3741 688 3787 referens
712 3753 808 3798 namque
828 3737 934 3783 Minerva
951 3737 1029 3783 crines
1047 3749 1097 3795 ejus
1114 3750 1139 3782 ru
1159 3749 1245 3796 ungues

158 3802 263 3847 Medusae
273 3804 550 3862 ceputsbidentibuealir,
565 3803 614 3864 lpse
624 3820 689 3864 cuper
713 3802 835 3857 convertit,
853 3802 915 3862 quod
934 3799 959 3847 in
975 3813 1018 3848 eoo
1037 3800 1125 3861 templo
1138 3800 1213 3847 fueret
1232 3815 1246 3846 ι

159 3864 252 3926 Libycos
268 3869 337 3914 victor
352 3869 456 3926 penderet
473 3884 560 3924 urenae,
578 3868 690 3931 Gorgonei
712 3867 821 3926 Neptuno
832 3871 940 3926 stuprate.
1282 3883 1285 3889 ¹

157 3932 236 3990 capitis
252 3940 322 3993 gutte
332 3933 431 3980 cecidere
443 3941 553 3982 criente:
571 3932 632 3986 Quae
648 3932 689 3978 bo·
745 3934 801 3980 630.
820 3929 913 3993 Peuce]
929 3928 1032 3989 boquea
1043 3927 1158 3976 colubros.
1189 3991 1194 4003 .

158 4010 206 4039 mus
227 4004 324 4055 exceptor
342 3998 413 4043 varim
430 3999 537 4044 ordnrovit
557 3997 581 4044 in
598 4012 688 4059 angen.
746 3997 802 4043 633.
820 3993 945 4041 Gaudentir
964 3993 1026 4040 collo.
1063 3993 1110 4039 nn
1128 3992 1248 4067 uugmbue,

160 4057 225 4104 Unde
227 4058 337 4123 frequens
347 4060 388 4106 illo
399 4070 437 4119 est,
448 4061 570 4125 effatuque
580 4069 640 4107 terro
655 4077 690 4109 co-
714 4059 755 4114 vel,
766 4059 826 4106 colle
836 4074 877 4105 suu
885 4060 913 4104 ub
925 4058 961 4104 lris
971 4058 1029 4117 tluge
1038 4057 1081 4103 leri
1092 4058 1219 4117 gaudentis.

158 4122 235 4170 lubrie.
261 4125 330 4170 ovid.
352 4127 444 4172 Metam.
464 4133 486 4176 4.
508 4126 555 4173 Sed
576 4126 692 4172 Nicander
747 4125 803 4170 636.
821 4121 870 4169 Hoc
886 4122 949 4169 babet
966 4119 1065 4184 tidelia]
1085 4119 1247 4168 Hauerolom

159 4188 265 4234 Titanum
281 4189 385 4250 sanguini
395 4191 420 4237 id
432 4189 518 4237 tribuit.
715 4187 820 4234 Medusae
826 4185 1004 4246 purtem‚orinee
1011 4185 1059 4232 soil.
1067 4185 1136 4232 hebet
1142 4184 1249 4260 Medum,

194 4256 248 4301 693.
267 4253 360 4310 raab,
371 4252 427 4317 δια]
445 4255 517 4302 Diod.
526 4254 574 4300 Sic.
584 4253 625 4300 lib
634 4255 657 4302 3.
715 4268 767 4312 qure
780 4252 873 4312 impune
885 4256 1008 4312 spectetur.
1026 4250 1086 4297 Num
1096 4248 1185 4307 vultum
1198 4261 1248 4308 ejus

194 4321 248 4368 625.
267 4315 363 4367 Demisso
373 4320 416 4368 sole
426 4320 562 4385 cedentem]
579 4319 692 4378 Ooeiduo,
716 4316 884 4381 uemoimpuue
894 4314 1017 4376 aspexerit
1069 4320 1076 4326 ’

160 4395 239 4441 prono.
