2784 4860
299 358 604 430 SPEGIMEN
632 353 812 433 nELLI
840 356 1082 429 CIVILIS.
1180 355 1254 426 Μ

143 530 229 600 Ηοο
243 555 389 600 mersam
404 555 504 600 coeno
520 535 677 613 Romam,
694 551 881 618 somnoque
891 533 1063 618 jacentem
1118 538 1121 543 ’
1181 539 1193 545 ”
1229 539 1236 546 “

146 644 237 724 Quae
252 653 410 730 poterant
423 653 512 711 artes
528 666 612 710 sana
626 647 754 710 ratione
768 653 916 723 movere,

147 756 196 823 Ni
209 757 312 835 furor,
329 766 362 822 et
376 760 513 837 bellum,
529 759 684 843 ferroque
696 758 813 821 ‘excita
826 743 960 821 libidol
1130 829 1141 855 ἢ

146 869 231 934 Tres
245 872 368 936 tulerat
383 871 533 935 Fortuna
548 859 653 935 ddces
666 891 674 950 3
697 889 785 954 quos
801 870 914 934 obruit
927 886 1046 933 omnes
1100 956 1101 959 Ἴ

145 980 326 1046 Armorum
341 987 431 1046 strue
447 983 582 1047 diversa
596 983 712 1047 feralis
727 981 836 1063 Enyo.

145 1091 308 1157 Crassum
323 1093 469 1157 Parthus
484 1093 603 1156 hahet:
627 1092 764 1175 Libyco·
769 1092 864 1175 jacet
878 1110 1015 1177 aequore
1032 1087 1199 1175 Magriane
1215 1093 1217 1098 ’

143 1203 260 1267 Julius
275 1204 439 1284 ingratam
453 1201 601 1284 perfudit
616 1203 779 1283 sanguine
795 1202 952 1266 Romamr

146 1310 200 1392 Et,
217 1315 322 1398 quasi.
331 1323 400 1377 non
414 1318 533 1398 posset
546 1317 597 1377 tot
611 1313 728 1376 Tellus
742 1311 827 1376 ferre
843 1313 1014 1397 sepulcra,
1033 1319 1041 1325 '

142 1422 274 1495 Divisit
290 1428 430 1489 cineres.
452 1425 517 1489 hos
533 1425 640 1507 gloria
654 1423 764 1488 reddit
777 1425 934 1490 honorosa

144 1534 208 1598 Est
222 1536 321 1598 locus
336 1536 455 1599 exciso
470 1537 606 1618 penitus
617 1535 794 1599 vdemersus
809 1537 915 1614 hiatu,

142 1646 383 1730 Parthenopen
397 1648 493 1724 inter,
508 1666 708 1731 magnaeque
724 1648 950 1732 Dicarchidos
963 1665 1060 1728 arva,

144 1756 289 1840 Cocytia
304 1757 462 1841 perfusus
478 1777 580 1840 aqua,
594 1777 673 1820 nam
688 1758 827 1840 spiritus
843 1761 944 1823 entra

144 1867 215 1948 Qui
230 1868 310 1933 furit
325 1869 451 1932 effusus
466 1867 606 1932 lunesto
615 1871 786 1952 spargitur
800 1876 897 1935 aestu.

144 1980 227 2044 Non
240 1980 316 2045 haec
332 1987 493 2044 autumno
508 1981 608 2045 tellus
623 1982 719 2056 viret,
735 1986 794 2047 aut
809 1981 869 2045 alit
879 1983 1008 2048 herbas

143 2091 282 2174 Cespite
297 2092 398 2154 laetus
414 2111 503 2174 ager.
525 2111 595 2154 non
608 2112 712 2157 verno
727 2097 874 2176 persona
889 2101 992 2160 cantu

143 2202 267 2268 Mollia
282 2204 590 2288 discordi‘strepitu
603 2206 749 2287 virgulta
762 2207 964 2290 loquuntur:

142 2315 212 2379 Sed
227 2317 343 2392 chaos,
361 2320 394 2379 et
405 2317 502 2398 nigro
516 2317 723 2400 squallentia
736 2320 872 2402 pumice
888 2336 976 2384 saxa
1088 2367 1089 2371 ,
1133 2377 1134 2380 ,

141 2425 302 2491 Gaudent
315 2426 413 2490 ferali
429 2427 722 2492 circumtumulata
736 2451 913 2514 cupressu.
1021 2461 1022 2464 ¹

143 2538 221 2602 Has
236 2539 321 2602 inter
336 2539 436 2602 sedes
452 2539 544 2602 Ditis
559 2545 655 2623 pater
664 2544 791 2606 extulit
806 2562 877 2621 ora,

142 2651 325 2715 Bustorum
339 2651 495 2728 flammis,
507 2657 545 2715 et
559 2673 647 2717 cana
662 2659 783 2738 sparsa
796 2653 938 2720 favilla:

141 2762 194 2826 Ac
210 2764 271 2827 tali
285 2764 458 2827 volucrem
474 2763 658 2829 Fortrmam
672 2786 759 2832 voce
774 2767 932 2844 lacessit:
956 2789 957 2793 ¹

142 2874 270 2938 Rerum
284 2875 515 2952 humanarum,
529 2876 787 2964 divinarumque
794 2883 967 2963 potestas,

141 2982 239 3064 Fors
256 2990 312 3052 cui
326 2988 420 3052 nulla
435 2989 550 3071 placet
563 2990 703 3054 nimium
718 3012 839 3056 secura
853 2997 1019 3076 potestas,

141 3099 230 3178 Quae
245 3121 336 3164 nova
351 3121 484 3185 semper
499 3122 604 3178 amas,
621 3106 749 3167 etmox
763 3122 929 3188 possessa
942 3105 1126 3189 rehhrquis3

140 3209 275 3294 Ecquid
291 3211 448 3287 Romano
464 3215 569 3276 sentis
584 3218 617 3276 te
632 3213 781 3296 pondere
796 3216 947 3279 victam?

141 3318 217 3385 Nec
232 3342 336 3404 posse
351 3323 491 3406 ulterius
506 3323 688 3405 perituram
703 3325 864 3388 extollere
879 3325 1028 3388 molem?

140 3433 224 3516 Ipsa
239 3453 320 3496 suas
336 3434 512 3517 viresodit
527 3433 690 3498 Romana
694 3433 866 3517 juvenum,

139 3542 185 3609 Et
199 3564 284 3627 quas
300 3545 423 3607 struxit
437 3564 534 3626 opes,
548 3544 636 3606 male
651 3545 805 3609 sustinet.
828 3540 946 3629 aspice
960 3546 1029 3611 late

140 3654 326 3719 Luxuriam
341 3656 539 3739 spoliorum,
555 3661 589 3719 et
604 3670 745 3719 censum
751 3656 792 3718 -in
807 3655 930 3719 damna
943 3655 1122 3743 furentem
1189 3661 1195 3686 ’·

139 3767 325 3832 AEdificant
339 3787 433 3844 auro,
447 3767 616 3850 sedesque
632 3768 803 3831 adsidere
815 3769 969 3832 mittrmt:

139 3877 369 3962 Expelluntur
379 3899 479 3964 aquae
496 3880 610 3944 saxis:
633 3898 724 3942 mare
738 3879 889 3942 nascitur
903 3879 1013 3958 arrisu

139 3991 184 4055 Et
198 3997 388 4076 permutata
401 4012 511 4055 rerum
525 3990 670 4055 statione
685 3991 859 4055 rebellant.

140 4102 192 4166 En
207 4105 309 4166 etiam
323 4124 400 4167 mea
413 4123 517 4185 regna
531 4107 660 4186 petunt.
683 4102 839 4186 perfossa
853 4102 999 4167 dehiscit

140 4214 294 4280 Molibus
308 4215 438 4279 insanis
453 4215 565 4290 tellus,
576 4212 650 4297 jam
659 4213 835 4276 'montibus
852 4213 983 4277 haustis

139 4325 246 4390 Antra
261 4330 411 4408 gemunt:
433 4330 469 4389 et
483 4324 563 4388 dum
577 4325 691 4388 varios
706 4324 796 4408 lapis
811 4324 938 4389 invenit
952 4342 1047 4398 usus,
1068 4345 1078 4351 ·⁴
1136 4326 1138 4330 '
1288 4335 1293 4346 “
1375 4351 1378 4360 v
