2784 4860
139 357 206 422 544
437 354 942 425 SUPPLEMENTUM.

140 528 324 595 Contendit
339 529 457 594 Caesar
471 531 607 608 frustra,
624 537 658 596 et
673 532 820 596 clamore
834 530 989 597 fruentes
1007 568 1014 579 =

139 640 314 723 Increpuit
328 660 462 722 magno,
480 642 574 705 cives
588 662 677 707 nnnc
693 662 770 707 esse
784 644 967 718 memento,

140 752 222 816 Non
236 752 363 828 hostes,
379 753 477 816 miles
489 773 498 831 3
521 758 655 836 partum
669 753 792 817 virtute
806 750 1015 836 triumphum
1102 764 1119 813 ·.

140 862 208 927 Cur
222 863 353 927 feritate
367 882 459 927 nova
473 862 655 927 maculas?¹
673 863 749 926 haec
765 863 929 944 sanguino
948 879 1033 941 sero

140 973 253 1053 Quam
269 975 362 1056 paris
378 973 515 1037 Invidia
530 979 583 1037 est
597 974 676 1056 plus
692 992 795 1056 quam
809 971 966 1036 Victoria
978 972 1100 1037 nobis.

139 1084 276 1168 Saepius
290 1085 364 1149 haec
380 1089 524 1147 moestus
539 1085 683 1163 clamat;
706 1104 787 1167 pars
802 1083 963 1166 nullaque
976 1082 1069 1149 belli

139 1194 261 1260 civilis
275 1202 346 1259 tum
362 1195 480 1260 Caesar
494 1200 576 1259 erat.
599 1195 661 1259 sed
675 1196 816 1278 perdere
831 1194 927 1259 cives

140 1305 228 1386 Quae
243 1307 345 1370 toties
361 1312 526 1388 poterant,
542 1328 611 1372 non
621 1309 694 1392 jam
709 1328 844 1374 serrare
858 1307 1023 1372 valebunt

138 1417 161 1482 J
163 1436 245 1481 ussa
259 1416 380 1480 Ducis.
401 1417 559 1499 jugulant
572 1418 766 1482 miseranda
781 1417 876 1482 crede
892 1415 1055 1483 cohortes

140 1527 326 1612 Scipiadae,
343 1529 537 1612 strictisque
553 1531 669 1595 odimn
683 1530 903 1594 mucronibus
917 1528 1063 1611 explent

139 1641 253 1706 Invito
269 1640 368 1703 Duce
384 1639 545 1705 Caesarei.
562 1647 596 1705 et
609 1643 669 1725 qni
679 1643 780 1727 jussa
793 1662 855 1725 per
870 1658 980 1704 annos

138 1749 207 1815 Tot
222 1750 331 1814 Ducis
347 1751 545 1832 implessent
558 1753 673 1834 magni
688 1754 839 1817 crudelia
853 1752 1000 1835 semper,

140 1863 242 1927 Nunc
256 1864 378 1940 solum,
395 1883 472 1927 cum
481 1863 578 1946 justa
591 1865 686 1929 dedit
698 1866 870 1942 mandata,
883 1862 1064 1929 rebellant.

137 1974 162 2040 J
163 1995 219 2039 am
232 1995 314 2039 vcro
329 1977 497 2058 ingentem
512 1997 575 2060 pro
591 1976 728 2042 Caesare
743 1979 815 2043 fata
827 1977 962 2043 ruinam

139 2087 353 2171 Sparsissent
367 2089 511 2172 campis,
526 2095 561 2153 et
573 2094 665 2154 tecta
680 2091 847 2155 cadavere
863 2094 937 2155 tota

139 2199 306 2265 Planities
320 2201 455 2265 fimesta
464 2202 569 2285 jacet.
592 2204 796 2287 tandemque
810 2200 987 2286 sequendo·

137 2311 305 2378 Defessas
319 2312 438 2377 Caesar
450 2332 617 2378 revocans
632 2316 677 2379 ad
692 2316 790 2398 signa
804 2313 972 2391 cohortes,

139 2424 311 2510 Prospera
326 2426 455 2491 divitiis
470 2425 604 2510 Regum
619 2427 804 2492 certamina
817 2426 933 2491 donat.
