2784 4860
374 330 793 400 CIVJLISBELLI
831 334 1024 405 LlB..IV.

170 519 288 584 Dixit:
312 526 345 585 et
360 521 404 584 ad
418 525 550 584 montes
566 519 757 584 tendentem
771 522 1098 603 praevenit—bostem.

167 628 247 693 illic
263 631 386 711 exiguo
402 630 542 712 paulum
557 628 719 692 distantia
732 629 824 693 vallo
877 692 880 696 .

162 738 290 804 Castra
304 741 428 803 locant.
444 743 628 821 postquam
643 738 756 820 spatio
770 723 965 819 languentia
978 742 1072 806 nullo

166 848 291 913 Mutua
311 851 518 932 conspicuos
531 849 720 912 habuerunt
732 848 861 912 lumina
874 851 1000 929 vultus,

164 958 210 1022 Et
223 938 355 1036 ¹fratres,
370 965 537 1042 natosque
557 978 639 1023 suos
649 959 781 1035 videre,¹
791 965 972 1042 patresque
980 974 993 1040 ‘3

164 1069 381 1152 Deprensum
396 1076 448 1134 est
459 1071 563 1135 'civile
579 1071 686 1136 nefas,
702 1073 839 1134 tenuere
853 1089 1034 1156 parumper

161 1180 235 1245 Ora
249 1173 360 1246 metu:
383 1187 513 1247 tantum
531 1185 626 1257 nutu,
641 1172 801 1264 motoque
817 1181 966 1247 salutant

161 1291 255 1356 Ense
270 1312 362 1355 suos.
378 1311 460 1354 mox
475 1295 512 1355 ut
527 1292 672 1355 stimulis
686 1292 873 1375 majoribus
888 1292 1010 1357 ardens

161 1400 272 1484 Rupit
287 1422 381 1494 amor
394 1403 497 1483 leges,
515 1402 617 1466 audet
631 1403 866 1467 transcendere
881 1403 1010 1468 vallum

159 1511 277 1587 Miles,
293 1514 328 1574 in
344 1512 523 1594 amplexus
539 1512 664 1578 effusas
680 1514 815 1578 tendere
830 1515 974 1597 palmas.

159 1621 322 1705 Hospitis
337 1624 394 1686 ille
421 1623 489 1686 ciet
501 1603 645 1703 nomen;
668 1630 770 1690 vocat
785 1625 842 1688 ille
857 1626 1105 1707 propinquum:

157 1731 332 1796 Admonet
344 1732 433 1796 hunc
449 1733 571 1798 studiis
593 1753 734 1796 consors
749 1736 936 1816 puerilibus
953 1739 1056 1800 aetas:
1110 1715 1112 1718 ’
1149 1793 1151 1797 ,

157 1840 235 1905 Nec
252 1842 435 1927 Romanus⁸
449 1847 531 1918 erat,
556 1844 698 1925 quinon
713 1849 897 1924 agnoverat
916 1845 1059 1907 hostem.

155 1951 263 2016 Arma
275 1955 385 2035 rigant
399 1954 570 2034 lacrymis,
587 1953 789 2034 singultibus
805 1954 924 2022 osana
938 1958 1116 2035 rumpunt:
1165 2013 1169 2020 ,
1187 1952 1251 2019 180

156 2061 201 2126 Et
214 2065 371 2146 quamvis
386 2063 479 2126 nullo
500 2063 691 2126 maculatus
708 2062 870 2142 sangnine
885 2061 994 2138 miles,

154 2173 245 2252 Quae
262 2175 373 2257 potuit
393 2174 529 2248 fecisse,
545 2174 650 2238 timet.
697 2170 793 2249 Quid
806 2176 946 2254 pectora
960 2172 1105 2254 pulsasl

150 2282 249 2361 Quid
264 2303 389 2346 vesane
409 2283 539 2364 gemist
562 2281 661 2344 fletus
681 2281 763 2362 quid
779 2281 892 2345 fundis
914 2283 1069 2346 inaneisl

151 2394 231 2458 Nec
247 2382 283 2456 te
296 2397 416 2473 sponte
432 2397 492 2454 tua
507 2391 627 2453 sceleri
648 2410 766 2473 parere
781 2391 898 2454 fateris
908 2392 925 2454 'l
1288 2466 1290 2471 ⁴

153 2504 273 2588 Usque
290 2501 419 2566 adeone
434 2501 545 2576 times,
562 2519 663 2583 quem
677 2505 715 2564 tu
730 2500 817 2565 facis
832 2502 908 2585 ipse
928 2502 1138 2566 timendum?
1183 2501 1248 2568 185

148 2675 198 2722 172
211 2673 350 2733 Depressum.
449 2671 496 2719 175
509 2670 611 2731 Rumpit.
710 2674 757 2722 1⁷5
765 2681 924 2720 transsumere.
1064 2678 1112 2722 177
1117 2675 1245 2736 propinqus

248 2739 295 2784 179
309 2735 367 2782 Nom
512 2738 563 2786 ,179
573 2744 707 2798 agnosceret,
718 2746 855 2800 cognouerat.
1012 2739 1149 2784 1831111111

472 2798 589 2848 181Νοπ.
784 2807 831 2852 185
840 2816 889 2848 esre.

180 2941 237 2987 167.
255 2936 286 2983 Et
297 2937 326 2982 ad
334 2945 423 2991 montes,
432 2935 489 2997 dre]
502 2936 580 2983 Cesar
588 2936 680 2982 diverso
737 2940 792 2986 175.
811 2939 889 3001 Leges,
907 2938 966 3000 dte]
985 2940 1076 2997 Quibus
1092 2949 1184 3006 cautrrm
1203 2951 1240 2991 est
1329 2937 1338 2949 '

146 3002 278 3061 itinereper
286 3002 357 3047 valles
364 3002 475 3049 maximas
484 3009 508 3047 et
516 3015 680 3060 1111111111-
704 3017 756 3047 cnm
767 3004 832 3049 hoste
843 3003 943 3063 colloqui
954 3011 994 3051 aut
1004 3005 1099 3051 versari.

146 3074 177 3122 ta,
196 3065 308 3127 angustiis
329 3073 352 3112 et
370 3067 484 3112 montibus
505 3065 630 3126 occupatis,
649 3081 679 3111 ex
737 3070 792 3113 178.
809 3067 901 3114 Consors
913 3069 1039 3127 puerilibus
1056 3067 1128 3129 etus]
1147 3063 1238 3118 Genuu-

145 3131 236 3191 magnis
246 3131 342 3190 rupibus
358 3137 438 3176 nactus
451 3130 580 3190 planiciem,
600 3136 680 3176 contra
703 3131 766 3176 tritio
777 3139 845 3192 atqua
855 3139 906 3177 actu
914 3132 981 3178 simul
992 3133 1097 3191 pueritia.

144 3197 235 3243 bostem
255 3195 326 3241 aciem
347 3195 463 3241 instruxit.
481 3195 588 3240 Afranius
605 3194 679 3239 utrin-
735 3199 789 3242 179.
808 3195 857 3257 Nec
881 3195 993 3242 Romnum
1014 3197 1085 3259 eras]
1118 3197 1238 3258 Quotquot

145 3275 188 3321 que
197 3275 299 3320 pressus,
309 3260 341 3304 ibi
350 3259 461 3306 constitit.
478 3258 562 3314 casn,
569 3258 678 3304 interclu-
703 3266 768 3305 erant
778 3260 802 3305 in
810 3260 912 3321 utrisque
924 3261 1004 3307 castris
1016 3261 1124 3316 Romani,
1139 3277 1165 3308 se
1175 3263 1235 3310 iuvi-

145 3338 171 3370 ao
182 3324 246 3370 omni
257 3325 284 3369 ad
294 3324 387 3369 Iberum
396 3323 486 3378 itinere,
495 3338 561 3383 quam
572 3321 678 3382 proxima
702 3338 752 3369 uem
762 3326 923 3383 agnoscebant.

143 3388 232 3435 hostem
242 3393 328 3448 potest,
339 3395 414 3434 castra
425 3387 580 3434 communivit.
734 3391 788 3434 180.
807 3389 877 3435 Arma
887 3390 965 3450 rigant
976 3388 1087 3452 lacrymis,
1105 3387 1163 3449 dra]
1181 3388 1234 3436 Pr&

177 3456 232 3500 169.
251 3453 371 3512 Postquam
382 3453 460 3512 spatio,
477 3451 533 3514 dra]
551 3453 676 3512 Postquam
700 3451 782 3498 latitia
799 3453 873 3499 dolori
883 3453 959 3508 mista,
967 3459 1000 3498 et
1016 3453 1146 3498 concordiae
1157 3453 1233 3501 studio

142 3517 228 3563 milites
239 3517 356 3563 hinc-inde
372 3517 498 3562 luminibus
517 3516 588 3562 certis
602 3530 676 3576 nequa
700 3516 807 3576 rotisque
817 3517 938 3578 conquesti
953 3532 979 3562 se
989 3531 1040 3563 aum
1051 3516 1179 3562 bominibus
1193 3533 1233 3564 nes

142 3595 184 3642 per
206 3589 332 3627 castrorum
351 3581 480 3626 distantiam
501 3581 564 3644 (quae
585 3581 676 3626 modica
700 3580 1232 3641 cessariisetoonsanguineisarmaoontulisse.'

142 3643 203 3709 erat)
215 3645 375 3706 languentibus
392 3661 416 3690 se
435 3652 514 3691 mutuo
527 3651 675 3705 agnoverant,
732 3647 788 3691 182.
806 3645 861 3698 Qua
867 3643 1120 3709 potattfecisse,timet.]
1131 3644 1233 3701 Caedem,

136 3717 166 3755 tet
176 3709 201 3757 in
213 3709 317 3757 adversis
329 3709 588 3763 castrisfratresmntos,
597 3716 675 3768 patres
698 3714 761 3767 puta,
772 3709 857 3762 fratris,
866 3709 947 3769 patris,
962 3709 1094 3771 propinqui.
1111 3709 1175 3763 Quid
1180 3724 1233 3769 pec·

141 3774 257 3827 viderunt,
266 3773 377 3821 admoniti
386 3773 463 3819 statim
471 3773 551 3819 nelarii
558 3773 621 3832 qnod
631 3773 674 3819 iui-
698 3781 747 3820 tora
755 3775 832 3833 partam
838 3774 860 3836 1]
878 3775 937 3819 Haeo
946 3789 976 3822 ex
986 3787 1084 3834 persona
1091 3780 1167 3833 poetae
1178 3786 1232 3820 oon-

141 3846 214 3892 erant,
226 3837 288 3894 belli,
297 3838 395 3896 primum
406 3837 470 3883 taciti
479 3853 504 3884 se
512 3838 611 3883 invicem
619 3853 674 3883 con·
698 3839 797 3884 dolentis
805 3839 903 3895 militum
913 3837 1232 3899 affectus,-argueutisqueeos

140 3903 276 3962 spiciebant,
285 3902 369 3949 deinde
377 3902 505 3948 salutabant
516 3902 674 3956 eminus,mox
698 3903 734 3949 sui
746 3902 833 3948 doloris
846 3911 870 3949 et
887 3902 1039 3963 cirilislrujua
1053 3902 1107 3948 belli
1118 3907 1232 3958 auctores,

140 3967 335 4029 amplexabantur.
351 3967 438 4012 Petreii
452 3966 544 4030 (inquit
554 3969 673 4014 Commen-
697 3973 724 4012 ut
734 3967 773 4025 qui
784 3975 862 4026 partes
872 3971 1002 4026 sequantur,
1013 3965 1120 4027 aquibus
1130 3965 1230 4026 coedis·

140 4032 251 4078 lariorum
271 4032 301 4077 de
323 4031 388 4077 cirili
408 4030 469 4077 bello
492 4029 583 4092 auctor)
605 4037 673 4091 atque
698 4031 779 4076 suadet
788 4033 936 4090 hortaturque
945 4046 986 4077 eos
997 4032 1025 4078 ad
1035 4028 1188 4076 concordiam.

141 4097 229 4144 Afranii
236 4098 264 4142 ad
271 4095 415 4155 aquationem
423 4096 550 4141 curantium
558 4096 671 4146 discessu,
723 4097 783 4142 184.
802 4095 884 4142 Sceleri
892 4093 1084 4160 parerescterisl]
1101 4093 1229 4154 Imperato-

140 4161 234 4207 liberam
246 4161 306 4208 nacti
319 4159 402 4206 milites
410 4160 520 4223 colloquii
531 4160 672 4222 facultatem,
696 4159 717 4204 ri
733 4158 1054 4219 scelestumbellumjubeuti.
1078 4196 1087 4203 .
1182 4181 1185 4187 ·
1226 4173 1229 4185 ·

139 4225 210 4286 vulgo
220 4226 355 4285 procedunt.
373 4238 440 4286 quern
450 4225 545 4286 quisque
556 4225 580 4270 in
591 4225 672 4287 castris
728 4226 783 4274 185.
803 4224 874 4278 Quem
884 4223 985 4288 msacis,
996 4221 1052 4284 bre]
1069 4220 1228 4280 cnjuspntes

140 4298 218 4337 notum
229 4297 268 4337 aut
281 4288 418 4349 municipem
435 4290 541 4344 babebat,
557 4289 672 4351 conquirit
696 4295 721 4335 11
733 4295 833 4344 manns,
850 4288 960 4348 obsequio
970 4294 1011 4333 tuo
1022 4294 1047 4333 et
1056 4285 1132 4331 officio
1146 4291 1229 4344 potens

138 4360 207 4415 atque
218 4362 293 4411 vocet,
304 4361 376 4415 agunt
386 4353 479 4416 gratias,
491 4352 535 4401 &c
632 4374 636 4380 ·
696 4356 806 4400 tumeam
820 4353 981 4400 ettimandum
989 4351 1055 4398 iacis.
1196 4372 1198 4379 ·
