2784 4860
144 338 209 402 aa)
426 336 477 399 M.
520 335 717 400 ANNAEI
761 331 973 399 nucum

146 511 243 575 Dura
252 511 352 594 jubct
366 511 483 573 virtus.
498 509 569 573 illic
586 528 706 573 secura
717 511 880 594 juventus

146 621 344 697 Ventorum,
359 621 539 702 nullasque
554 621 676 684 timens
692 621 810 685 tellure
826 618 1010 703 procellas,

147 731 341 814 AEquoreos
362 736 415 795 est
428 751 535 814 passa
548 738 669 795 metus.
688 753 767 796 nam
789 733 900 795 littore
921 730 1031 806 sicco,

148 842 261 920 Quam
276 844 411 925 pelago,
429 843 538 925 Syrtis
552 843 734 905 violentius
748 842 880 923 excipit
898 837 1076 915 Austrum,

147 950 192 1015 Et
205 957 301 1015 terrae
324 953 433 1034 magis
448 952 506 1014 illo
527 959 640 1027 nocet,
655 971 724 1015 non
744 951 916 1014 montibus
931 954 1059 1017 ortum.

146 1059 312 1125 Adversis
326 1063 450 1143 frangit
461 1062 584 1142 Libye,
600 1061 821 1143 scopulisque
834 1058 1009 1139 repulsum
1166 1056 1257 1131 frou

148 1170 316 1254 Dissipat,
333 1178 367 1235 et
387 1171 536 1254 liquidas
551 1190 571 1233 e
586 1170 718 1234 turbine
733 1170 837 1235 solvit
846 1169 886 1231 in
907 1184 1030 1233 aurae:

119 1352 122 1361 ,
148 1282 225 1347 Nec
240 1284 317 1359 ruit,
334 1283 369 1346 in
384 1283 511 1365 sylvas,
528 1300 726 1363 annosaque
739 1279 864 1343 robora
876 1283 1039 1360 torquens
1054 1332 1057 1339 .

147 1392 328 1457 lassatur:
351 1397 446 1475 patet
461 1410 560 1455 omne
575 1391 697 1465 solum,
713 1389 866 1472 liberque
881 1391 995 1451 meatu

147 1501 298 1566 AEoliam
309 1502 438 1565 rabiem
452 1501 534 1566 totis
549 1505 686 1564 exercet
700 1498 833 1562 arenis:

147 1610 191 1674 Et
205 1631 274 1675 non
288 1610 494 1674 imbriferam
510 1630 587 1674 cum
603 1613 692 1673 torto
706 1607 845 1691 pulvere
868 1606 994 1671 nubem
1187 1608 1256 1675 466

144 1718 186 1782 In
199 1719 325 1783 flexum
338 1719 507 1783 violentus
522 1718 609 1802 agit:
632 1737 713 1803 pars
727 1717 874 1800 plurima
886 1721 985 1783 terrac

144 1828 299 1906 Tollitur,
316 1835 350 1893 et
363 1848 534 1911 nunquam
549 1829 699 1892 resoluto
712 1827 839 1891 vertice
854 1825 990 1908 pendet.

145 1937 268 2021 Regna
281 1939 375 2002 videt
387 1958 519 2022 pauper
534 1937 714 2001 Nasamon
728 1935 873 2000 errantia
887 1940 1002 2013 vento,

146 2047 401 2130 Discussasque
417 2048 559 2112 domos:
583 2048 792 2128 volitantque
807 2064 829 2109 a
845 2044 992 2109 culmine
1005 2049 1119 2129 rapite

146 2156 292 2220 Detecto
306 2156 511 2220 Garamante
528 2174 632 2220 casae.
648 2176 716 2219 non
730 2157 832 2219 altius
848 2155 936 2237 ignis
1186 2154 1253 2223 460
1305 2212 1310 2221 .

146 2264 262 2348 Rapta
276 2266 386 2328 vehit:
411 2271 641 2347 quantumque
657 2265 739 2329 licet
754 2284 957 2345 consurgere
967 2265 1075 2341 furno,

147 2375 189 2437 Et
204 2375 332 2438 violare
346 2375 446 2450 diem,
466 2380 594 2437 tantum
609 2379 700 2436 tenet
715 2393 795 2438 aera
809 2374 935 2456 pulvis.

145 2483 232 2546 Tum
248 2483 593 2565 quoqueRomanum
612 2483 714 2546 solito
732 2483 912 2546 violentior
927 2501 1048 2565 agmen

147 2670 247 2717 lustru.
339 2672 483 2716 ricoarae.
576 2670 624 2716 44⁷
637 2683 687 2714 aava
700 2669 769 2716 roua
868 2660 1049 2730 mameae·
1098 2673 1252 2723 assam

244 2736 292 2780 449
303 2733 374 2779 illum.
449 2738 497 2781 450
509 2732 591 2795 Libya.
667 2736 716 2781 450
727 2733 879 2793 scopulusque.
969 2734 1153 2784 mormulam
1211 2746 1216 2753 ·

147 2797 295 2846 451ssturb.
394 2801 441 2847 455
455 2797 705 2860 Etuouumbnferam.
814 2800 981 2847 455contorto.
1082 2800 1252 2865 wolfius.

174 2875 188 2903 ·-
243 2863 292 2909 456
302 2863 406 2918 murima,
417 2863 505 2908 ultima.
647 2864 696 2908 458
708 2861 825 2908 certantia.
964 2862 1152 2912 stoddenstat.

180 3042 237 3088 445.
255 3037 403 3097 liberasum,
416 3039 473 3101 &o.]
491 3041 566 3101 Atque
586 3040 624 3086 bic
640 3041 686 3087 Ro·
743 3042 800 3089 455.
823 3036 876 3087 Nou
897 3039 1054 3106 imbriferum]
1077 3040 1133 3105 'tp’
1154 3044 1184 3095 is.
1200 3048 1253 3097 Νι-

148 3104 209 3151 mani
217 3105 292 3150 securi
299 3106 355 3164 jam,
364 3105 399 3151 uti
407 3106 537 3161 credebant,
549 3113 670 3151 ventomm
679 3119 686 3160 ;
712 3104 764 3149 bern
775 3119 820 3150 non
836 3104 983 3163 imbriferam,
993 3107 1038 3153 boc
1048 3112 1093 3165 est,
1104 3110 1253 3161 nanim.

148 3169 240 3231 experti
259 3175 312 3215 sunt
322 3169 440 3231 graviores
455 3169 569 3231 procellas
587 3169 611 3215 in
625 3176 686 3216 terra
712 3166 776 3214 Grot.
794 3166 846 3214 Non
857 3167 1014 3233 imbriferam]
1030 3170 1078 3217 aad
1087 3173 1237 3223 midensi.

149 3248 217 3294 quam
228 3248 279 3293 quac
291 3233 416 3294 inaequore
427 3233 542 3280 timentur.
743 3234 800 3280 457.
819 3231 851 3279 Et
870 3249 993 3295 suuqrmm,
1016 3232 1074 3297 &o.]
1105 3236 1192 3299 quus
1211 3238 1255 3289 ῐῃ.

181 3300 237 3344 447.
256 3296 375 3358 AEquoreos
394 3298 483 3360 metus]
501 3296 616 3354 Pericula,
634 3313 686 3358 quae
712 3311 779 3355 quam
789 3297 813 3343 in
823 3311 876 3343 aere
887 3298 1042 3361 suspenditur,
1052 3314 1116 3348 mors
1127 3302 1198 3351 nubis
1209 3302 1253 3353 ἰή-

148 3361 225 3408 solent
235 3363 258 3408 in
270 3362 326 3407 mari
335 3361 419 3408 timeri.
436 3361 517 3422 Sulpit.
535 3359 596 3407 Num
614 3362 687 3408 littore
711 3360 922 3408 brilerreresoluta.
1107 3372 1110 3377 '
1192 3382 1195 3387 ·
1237 3370 1243 3387 ¹

148 3426 224 3489 sicco]
242 3427 269 3473 ln
281 3427 347 3488 plana
365 3426 426 3472 enim
438 3432 461 3472 et
473 3425 580 3485 exposita
592 3426 686 3487 regione
744 3427 800 3475 458.
818 3424 900 3488 Raeguc
910 3425 978 3482 videt,
995 3424 1051 3489 &o.]
1068 3428 1191 3477 Describit
1206 3430 1252 3481 0..

146 3490 214 3549 juxta
225 3490 314 3550 Syrtes,
325 3490 448 3537 violentius
458 3490 515 3537 furit
525 3491 610 3536 Auster
618 3505 686 3550 quam
712 3487 774 3535 tonis
785 3489 926 3536 laboriosum
943 3489 989 3536 iter
1002 3492 1151 3552 perdeserta
1160 3492 1252 3559 uby-T,

149 3552 173 3599 in
185 3554 285 3615 pelago,
300 3556 399 3615 majores
417 3555 454 3601 bic
474 3570 547 3602 arenoe
566 3569 633 3614 quam
652 3554 686 3601 ibi
711 3553 740 3598 ad
752 3554 870 3600 Ammonis
887 3553 999 3615 templum
1014 3556 1077 3616 apud
1090 3556 1250 3609 (laruam.

150 3630 258 3676 aquarum
269 3619 352 3666 tinctus
364 3620 488 3666 concitans.
712 3616 816 3664 Finitimi
835 3619 858 3664 bi
882 3618 970 3679 Psyllis
992 3628 1054 3678 sunt,
1074 3636 1089 3668 a
1109 3623 1250 3675 Gumuts

183 3682 238 3728 449.
258 3680 309 3726 Non
328 3684 437 3730 urentibus
451 3691 534 3740 ortum,
554 3680 610 3745 &o.]
631 3682 686 3729 Non
710 3682 827 3741 Apollinis
838 3682 886 3729 filio
895 3683 1012 3741 nominati,
1030 3685 1070 3745 qui
1086 3684 1138 3733 illio
1157 3688 1188 3735 ds
1205 3686 1251 3739 n'o

150 3745 218 3790 babet
235 3744 274 3791 illu
288 3761 342 3805 pars
361 3747 445 3794 Africae
464 3754 561 3803 montes,
578 3746 687 3807 scopulos
711 3746 801 3792 nomine
822 3762 837 3792 o
853 3746 934 3808 pidrun
953 3748 1116 3797 Garanrantrrm
1135 3752 1249 3802 condidit.

48 3848 51 3853 .
150 3815 191 3855 aut
201 3809 279 3868 sylvas
291 3826 341 3869 quae
352 3811 416 3858 uenti
429 3813 538 3872 impetum
549 3814 654 3871 frangant
662 3818 687 3856 et
712 3810 816 3857 Horteus.
849 3810 1054 3875 egnaufflssa]
1071 3814 1150 3863 Urbss'
1164 3822 1250 3867 urer-

150 3887 225 3919 aerem
237 3873 367 3920 resolvant:
386 3876 426 3921 sed
445 3883 519 3936 patet,
534 3876 640 3938 exposita
650 3890 686 3921 ra-
711 3891 760 3921 ram
776 3890 844 3935 quam
854 3875 966 3936 possidet,
980 3877 1016 3923 vel
1025 3892 1091 3925 ossas
1106 3886 1133 3927 st
1147 3882 1250 3945 tugurii.

149 3936 211 3999 pidis
224 3937 305 3983 ventis.
711 3948 737 3986 ut
748 3940 829 4000 ecloga
840 3943 862 3987 1.
874 3940 939 4001 Virg.
952 3954 1001 3986 meo
1011 3956 1084 4004 regno
1092 3944 1180 3995 sim,
1195 3948 1247 3997 οἱς,

183 4003 239 4048 450.
258 4000 347 4063 Libya]
359 4005 395 4048 lta
407 4005 580 4052 rescribendum
591 4018 633 4063 pro
646 4002 685 4049 Li·
712 4009 734 4051 1.
745 4005 775 4050 de
786 4006 892 4059 Oratore,
901 4005 944 4051 uisi
951 4006 976 4051 ia
986 4012 1025 4057 tuo
1034 4020 1104 4069 regns
1112 4022 1216 4059 m

151 4065 323 4139 lrpmGrotius.
353 4132 357 4140 Ι
743 4070 799 4116 461.
817 4068 982 4179 Ruptouebiti]
999 4069 1151 4135 Quocunque
1163 4076 1250 4139 imit,

181 4134 237 4178 451.
258 4129 281 4176 Β
297 4130 404 4191 turbam]
423 4132 460 4176 lta
480 4133 600 4179 maluimus
617 4148 685 4194 quam
710 4134 951 4188 favillam,llammam‚
973 4150 1057 4181 unium.
1203 4148 1209 4157 ·

141 4210 181 4255 ue:
196 4195 296 4241 Grotius.
743 4200 799 4245 462.
818 4196 849 4244 Et
867 4197 948 4245 rubra
966 4198 1044 4263 diem]
1061 4200 1195 4253 Obscurus
1214 4204 1251 4254 ln.
1344 4228 1349 4237 .

182 4262 237 4310 454.
256 4259 352 4305 AEolioru
372 4259 463 4314 rabiem,
484 4259 540 4321 &o.]
559 4263 685 4309 Ventorum
710 4279 760 4309 eam
771 4261 827 4309 diei.

147 4339 180 4372 ox
192 4324 255 4372 AEoli
264 4332 329 4370 antro
340 4324 453 4371 ruentium
464 4325 558 4372 rabiem.
723 4388 728 4399 ,
742 4329 798 4375 463.
820 4325 959 4390 Vulcatium]
974 4328 1074 4379 Ventus.
