2784 4860
347 369 569 463 err-‘rurs
598 371 941 452 untur-spru.
974 371 1036 437 iv.
1171 371 1248 452 :ru

141 553 226 620 Ulla
240 552 352 618 ferunt
368 552 476 617 sulci:
499 554 664 616 tectmum
683 568 800 634 errore,
811 547 949 612 ‘viarum

141 665 288 729 Fallitur
300 664 456 731 occultos
472 681 613 744 sparsus
629 649 814 743 populator
827 658 864 722 in
877 675 990 747 agros.

140 773 292 857 Jamque
308 792 424 857 comes
446 791 580 854 semper
594 752 792 850 magnorum
807 769 920 851 prima
933 765 1099 830 malorum

139 885 248 950 Saeva
262 884 370 948 fames
382 863 521 947 aderat:
544 882 707 963 nulloque
729 880 894 943 obsessus
915 878 959 941 ab
979 876 1077 958 hoste

144 993 250 1058 Miles
265 999 351 1076 eget,
370 998 446 1062 ‘toto
463 1011 570 1056 censu
582 1010 652 1054 non
666 989 829 1073 prodigus
844 987 927 1053 emit
1052 1051 1054 1055 ,
1195 986 1249 1053 ,06

144 1104 316 1186 Exiguam
337 1103 506 1172 Cererem.
550 1102 644 1194 Proh
658 1101 744 1165 lucri
766 1099 897 1183 pallida
911 1099 1009 1162 tabes
1026 1097 1034 1160 1

145 1214 228 1279 Non
250 1216 346 1280 deest
360 1215 495 1303 prolato
513 1213 653 1298 jejunus
674 1211 830 1276 venditor
852 1227 946 1273 auro.

142 1324 167 1391 J
169 1345 225 1390 am
239 1326 372 1400 tumuli,
394 1324 571 1407 collesque
586 1324 710 1395 latent:
729 1321 802 1405 jam
817 1319 959 1383 flumina
974 1322 1098 1383 cuncta

140 1434 309 1503 uendidit
326 1455 396 1499 una
415 1435 527 1517 palus,
550 1438 716 1514 vastaque
733 1430 895 1510 voragine
910 1428 1036 1491 mersit.

145 1543 331 1627 Absorpsit
345 1545 481 1628 penitus
494 1561 610 1626 rupes,
633 1561 674 1605 ac
691 1544 785 1604 tecta-
795 1539 943 1603 teramum
1175 1536 1250 1614 ι100

144 1656 291 1733 Detulit,
316 1660 417 1738 atque
434 1655 530 1738 ipsas
546 1653 680 1717 hausit:
704 1650 894 1732 subitisque
913 1647 1093 1715 frementes

145 1763 346 1829 Vorticibus
373 1764 537 1830 contorsit
551 1781 670 1846 equos,
686 1765 729 1825 et
749 1760 899 1843 reppulit
913 1762 1018 1823 cestus
1105 1782 1107 1787 ·

146 1873 283 1939 Fortior
303 1874 452 1940 Oceani:
475 1894 540 1939 nec
555 1872 726 1936 Phoebum
745 1889 887 1951 surgere
897 1860 1000 1937 sentit

144 1984 232 2052 Nox
248 1973 408 2049 subtexta
426 1985 528 2068 polo:
550 2002 661 2051 rerum
682 1979 879 2044 discrimina
896 1979 1019 2042 miscet

147 2095 322 2159 Deformis
342 2095 423 2158 coeli
438 2093 558 2169 faoieS,
576 2093 775 2176 junctaeque
790 2090 950 2153 tenebrae.
1186 2087 1251 2161 105

147 2203 207 2268 Sic
223 2204 341 2271 mundi
363 2223 443 2286 pars
461 2203 531 2266 ima
539 2202 646 2286 jacet,
671 2219 773 2284 quam
795 2218 883 2262 zona
902 2198 1039 2280 nivalis,

148 2312 399 2396 Perpetuaeque
414 2317 570 2395 premunt
584 2311 741 2393 hyemes:
764 2329 833 2373 non
848 2309 962 2373 sidera
988 2310 1077 2389 coelo

148 2421 231 2486 Ulla
244 2424 349 2499 videt,
365 2423 470 2486 sterili
481 2442 550 2495 non
564 2423 750 2505 quicquam
764 2419 887 2501 frigore
907 2420 1023 2502 gignit,
1123 2419 1127 2431 ’

146 2531 217 2599 sed
233 2533 342 2614 glacie
358 2533 490 2596 medios
502 2533 673 2614 signorum
687 2535 854 2614 temporat
864 2532 974 2612 ignes.
1008 2571 1009 2577 κ
1064 2594 1066 2599 .

147 2643 219 2722 Sic,
243 2665 264 2708 o
280 2665 410 2708 summe
424 2665 547 2728 parens
564 2644 694 2721 mundi,
719 2644 769 2706 sic
786 2647 876 2716 sorte
897 2642 1049 2706 secunda
1186 2643 1250 2709 110

147 2755 314 2838 AEquorei
326 2760 437 2820 rector
451 2755 561 2819 facias
582 2753 744 2838 Neptune
759 2752 933 2817 tridentis:

148 2903 181 2950 92
196 2889 295 2958 occultis,
311 2902 404 2964 agris.¹
476 2904 524 2946 100
542 2908 564 2947 et
574 2907 616 2948 tec.
725 2901 772 2944 101
792 2897 895 2960 Depulit.
1003 2902 1050 2948 102
1067 2917 1142 2964 aquus,
1158 2902 1249 2951 emur.
1298 2947 1301 2950 Α
1367 2936 1371 2946 .

321 2967 370 3012 103
384 2966 459 3012 morit.
624 2967 673 3012 104
688 2963 794 3024 rotperto.
960 2966 1007 3015 106
1023 2981 1077 3012 aaa.

215 3031 265 3075 108
282 3030 456 3092 necquicquam.
549 3091 552 3097 .
690 3032 738 3078 109
756 3035 828 3074 ustus.
1050 3034 1104 3078 ,110
1111 3039 1185 3090 pater.

180 3157 220 3204 90.
239 3153 352 3211 Occultos,
364 3153 420 3216 &e.]
433 3157 500 3215 Aqua
507 3162 588 3202 tectos.
744 3155 800 3201 102.
818 3151 895 3200 AEstus
907 3151 996 3200 Fortior
1008 3153 1114 3216 Oceani]
1131 3155 1250 3211 Fluctibus

181 3221 221 3269 93.
237 3218 332 3280 Jamque
352 3234 430 3276 comcs,
447 3219 503 3280 dre]
531 3217 686 3280 Restagortio
712 3225 737 3265 et
755 3218 844 3279 impetu
861 3218 919 3280 ¹ipsu
946 3219 1067 3267 inundatio
1090 3220 1248 3269 vehementior

148 3282 401 3345 maguusdifficulmtes
412 3284 512 3331 Cresaris
522 3283 637 3330 exercitui
652 3290 687 3330 et·
712 3282 863 3330 autumaris.
940 3304 948 3318 ·
987 3320 990 3329 .
1240 3281 1252 3327 s
1290 3327 1296 3332 .

150 3346 204 3395 uti:
223 3355 247 3394 et
258 3348 324 3408 quasi
342 3348 466 3402 obsidione
484 3348 578 3408 pressit.
593 3349 687 3408 jamque
746 3349 802 3396 103.
821 3344 994 3404 NecPlrubam,
1010 3347 1067 3410 dre]
1084 3349 1167 3409 Neque
1178 3364 1250 3411 prop·
1325 3370 1329 3380 ·

150 3420 292 3458 commeatus
303 3411 382 3474 inopie
392 3413 421 3459 ad
435 3412 541 3459 denarios
553 3413 592 3460 50.
603 3411 628 3458 in
640 3412 687 3459 siu-
712 3417 749 3458 ter
761 3413 868 3459 tenebras
887 3411 970 3459 densus
991 3412 1099 3473 apperuit
1119 3412 1160 3458 Sol
1177 3420 1251 3471 ortus,

150 3476 216 3537 gulos
227 3474 318 3541 modiqs
329 3492 418 3523 aunone
425 3484 570 3538 pervenerat,
587 3476 687 3523 militum
712 3482 753 3522 aut
761 3475 936 3522 discernebatur
944 3475 996 3524 dies
1005 3485 1103 3524 anocte.

150 3538 212 3587 vires
223 3540 351 3598 dinduutae,
367 3549 436 3602 atque
456 3540 601 3588 incommode
610 3540 687 3588 indies
745 3542 801 3586 106.
819 3540 857 3587 Sic
867 3539 946 3586 muudi
954 3555 1008 3601 perr
1019 3539 1152 3604 sija]
1163 3541 1251 3609 Quales

149 3605 299 3667 augebantur.
712 3604 813 3651 tenebra
824 3604 962 3666 hyemesque
973 3611 1091 3666 perpetuu
1102 3613 1185 3672 urgent
1200 3604 1251 3668 ple-

182 3670 223 3718 95.
242 3667 314 3715 Cema
325 3668 485 3734 nmprodigur
495 3667 567 3731 emit]
579 3667 686 3727 Peculio,
713 3683 754 3729 gos
766 3675 881 3715 extremas
897 3667 989 3729 utrique
1005 3669 1062 3730 polo
1078 3671 1202 3732 subjectus,
1219 3671 1251 3718 si.

150 3730 277 3795 eripendio,
293 3734 439 3793 patrimonio.
712 3734 792 3780 derum
803 3740 910 3794 aspectus
921 3741 1038 3793 expertes,
1054 3733 1140 3796 frigore
1151 3734 1249 3784 steriles.

181 3799 223 3846 96.
240 3795 354 3860 Exiguum
372 3797 491 3863 Cererem]
508 3795 627 3845 Frumenti
638 3812 687 3843 uro-
745 3799 800 3844 109.
819 3796 943 3861 sedglacie
958 3796 1122 3861 taediosius]
1140 3799 1188 3851 Sed
1207 3815 1250 3849 suo

151 3859 237 3916 diuum,
253 3864 291 3908 vel
307 3862 374 3923 panis
388 3863 486 3910 frustum
502 3878 606 3922 parvum.
624 3860 688 3907 Prole
710 3859 798 3920 frigore
808 3867 937 3922 temperent
952 3869 1033 3910 aestum
1043 3877 1107 3910 zonae
1118 3864 1251 3921 medimt

150 3922 209 3975 laert
217 3925 304 3986 pallido
321 3926 399 3988 tudes]
416 3922 568 3975 Exolimado.
591 3925 687 3974 infames
711 3924 839 3984 interjecta
851 3926 899 3973 sint
909 3925 1054 3974 habitabiles.

149 4000 265 4051 caupones
275 3999 299 4036 et
316 3990 444 4046 institores,
460 3990 501 4052 qui
519 4006 601 4051 panem
620 4005 687 4036 suum
745 3991 800 4036 110.
818 3989 1055 4052 δίο,οειωηηιερανεω
1063 3989 1162 4054 mundi]
1174 3992 1250 4054 Apos-

149 4051 203 4114 ἱροὶ-
214 4053 315 4102 famelici
329 4056 411 4117 precio
425 4055 535 4103 rendunt.
568 4056 606 4103 De
616 4068 686 4101 avaro
711 4054 794 4115 tropbe
804 4056 833 4102 ad
844 4054 927 4102 lovem
938 4062 961 4102 el
973 4052 1115 4116 Neptunum,
1130 4072 1183 4105 curn
1194 4065 1250 4105 roto

150 4119 265 4179 ejusmodi
286 4119 326 4180 qui
351 4119 376 4166 in
398 4118 519 4166 obsidione
544 4118 688 4167 Prrenestina
712 4117 835 4166 utbellum
849 4118 920 4166 civile
935 4120 1025 4177 diluvio
1042 4127 1153 4183 mergunt.
1186 4121 1250 4170 Sorte

150 4197 239 4229 murem
258 4189 350 4244 captum
370 4183 475 4231 ducentis
492 4182 572 4244 potius
585 4181 688 4230 denariis
711 4183 817 4240 securrde,
845 4182 904 4246 &o.]
933 4183 978 4233 cui
1000 4185 1024 4236 in
1043 4183 1160 4233 divisione
1182 4187 1250 4248 regni

150 4247 261 4301 vendere,
273 4263 340 4308 quum
351 4248 402 4310 ipse
412 4248 525 4296 leuieudae
535 4247 689 4309 fanisqratm
712 4247 805 4295 Saturni
816 4249 901 4297 cedidit
911 4247 1035 4312 imperium
1050 4248 1128 4315 pelqgi
1138 4245 1205 4298 sorte
1212 4266 1249 4301 se.-
1321 4250 1327 4263 ⁴

141 4312 221 4366 ‘edere
239 4311 321 4368 voluit,
338 4311 440 4374 adeoque
462 4311 539 4374 periit,
555 4311 610 4359 vide
632 4311 686 4361 biv.
712 4312 796 4361 eunde·
1010 4317 1011 4320 ’

152 4377 191 4424 2³.
203 4373 244 4423 lib.
257 4375 336 4424 Front.
349 4382 372 4427 4.
384 4393 435 4441 oap.
444 4377 467 4426 ⁵.
480 4375 538 4425 run.
551 4381 574 4426 8.
586 4377 686 4442 ospch.
