2784 4860
449 342 687 410 noctur.
724 345 833 410 nra.
870 344 936 429 vr.
1104 350 1105 355 ¹
1175 306 1241 410 ssi

139 513 230 579 Inter
246 533 409 597 spemque
424 520 616 598 metumque
632 516 751 579 Duces
767 517 953 580 discurrere
970 516 1079 599 primo

140 626 334 709 Coepertmt,
351 626 540 708 frustraque
557 644 639 688 suos
654 625 839 706 impellere,
856 625 964 689 donec
1056 658 1057 662 =

139 736 276 800 Lassati
292 737 461 799 excedunt
475 756 609 818 pugna:
634 736 825 817 collemque
840 735 1069 818 propinquum

140 847 273 910 Ductor
287 853 426 928 uterque
444 848 547 928 capit.
571 846 635 908 diri
650 846 728 908 binc
746 845 942 923 discrimina
955 845 1048 920 belli,

139 957 274 1038 Totque
291 961 484 1019 cruentatos
500 975 610 1032 enses,
626 960 677 1019 tot
692 957 814 1039 stragis
829 975 971 1031 acervos

143 1068 234 1130 Dum
251 1069 364 1131 tristes
381 1072 548 1149 spectant,
563 1068 622 1130 vix
639 1066 820 1130 formidare
835 1065 993 1139 vacabat,

142 1177 214 1240 Vix
231 1198 379 1260 sperare,
397 1178 514 1241 Duces
530 1157 634 1240 subiit
648 1176 819 1247 miseratio
836 1175 922 1251 sola,

130 1286 343 1368 ,Feralisque
359 1287 470 1362 timor,
485 1306 528 1366 ne
543 1306 612 1349 non
626 1285 908 1368 victoriamoesto

143 1398 234 1473 Ulla,
252 1399 318 1460 sed·
330 1398 497 1460 ambobus
512 1397 659 1478 lugenda
674 1395 841 1477 tragoedia
856 1394 979 1478 campo

123 1535 126 1540 ¹
142 1509 313 1583 Restant,
332 1508 518 1589 Latiusque
534 1507 605 1570 illic
621 1507 858 1588 procumberet
873 1505 985 1570 Orbis

144 1620 274 1683 Ultima
290 1618 441 1680 Caesarei
456 1622 582 1680 restare
597 1615 750 1698 pericula
765 1615 921 1679 credunt:

144 1731 189 1793 Et
204 1729 408 1811 Pompeiani
423 1729 592 1810 posthaec
609 1728 737 1811 spirare
752 1733 912 1808 recusant

143 1840 280 1904 Praelia.
305 1859 479 1922 pugnaces
496 1839 627 1902 animos
643 1840 713 1921 agit
727 1839 851 1902 aemula
865 1840 982 1903 virtus

143 1952 258 2033 thue
273 1951 381 2031 magis
398 1956 549 2032 stupeas,
566 1951 697 2014 cunctis
713 1949 886 2030 incognita
900 1949 1000 2012 bellis

144 2063 187 2125 In
202 2064 282 2124 totis
299 2062 412 2123 subito
429 2066 506 2123 sunt
522 2067 596 2124 orta
611 2061 746 2123 silentia
761 2059 892 2141 campis

146 2173 238 2235 Dum
252 2173 365 2234 media
380 2172 510 2234 fervent
524 2172 617 2234 rabie
630 2192 638 2249 ;
660 2171 822 2252 nulloque
843 2170 991 2232 virorum

145 2282 274 2346 Audito
291 2283 449 2359 clamore,
466 2302 586 2345 manus
600 2301 736 2346 movere
751 2281 911 2344 furentes

145 2392 201 2456 Ad
217 2394 447 2474 Pompeianas
462 2393 599 2456 tandem
612 2392 769 2457 Victoria
779 2397 894 2474 partes

147 2504 191 2566 Se
208 2503 336 2566 trahere
353 2508 406 2565 est
420 2505 506 2578 visa,
524 2509 557 2566 et
572 2503 736 2585 paulatim
752 2480 874 2565 cedere
887 2505 974 2566 retro
1027 2565 1029 2569 .
1132 2567 1135 2575 Ι

147 2615 296 2677 Caesarei
314 2634 470 2695 coepere3
493 2613 574 2694 fuga
588 2614 649 2677 vix
665 2612 887 2675 Centuriones

147 2726 179 2788 A
194 2727 284 2808 turpi
299 2727 439 2788 retinere
456 2730 602 2807 queunt3
626 2743 704 2786 cum
719 2723 820 2786 fortia
836 2722 953 2786 Caesar

147 2838 294 2900 Pectora
309 2836 483 2898 denudans
500 2835 617 2898 stricto
634 2835 684 2896 sic
700 2853 781 2897 ense
796 2833 969 2922 profatur:

136 2950 229 3035 uNon
243 2949 304 3010 tibi
316 2950 389 3030 jam
406 2946 556 3009 Fortuna
569 2946 667 3020 leviS,
684 2965 761 3028 quae
779 2944 924 3008 condere
940 2962 1072 3008 summa

148 3061 303 3140 Exoptas
318 3058 433 3139 potius
450 3075 552 3138 quam
568 3057 707 3119 condita
722 3076 855 3119 summa
870 3055 967 3130 tueri,

146 3171 299 3247 Irascor;
324 3170 406 3231 satis
423 3169 539 3250 ampla
553 3169 646 3246 mihi,
664 3188 741 3250 quae
757 3167 851 3228 nulla
865 3165 1026 3228 tacebunt

147 3282 294 3358 Saecula,
310 3280 434 3355 fecisti,
450 3280 568 3342 fateor.
592 3278 769 3342 transferre
785 3277 937 3340 favorem

131 3368 168 3456 1,Ἰ
172 3413 226 3455 am
241 3398 285 3468 te,
304 3393 406 3468 Diva,
424 3392 532 3467 decet,
548 3391 728 3454 mundone
744 3389 861 3470 ignota
875 3391 1029 3470 potestas

147 3506 200 3567 Sit
214 3510 283 3578 tua,
306 3524 427 3585 meque
444 3503 555 3566 Deum
571 3503 735 3584 deceptus
751 3501 901 3563 crederet
915 3497 1018 3562 orbis.
1038 3583 1042 3593 Ι

117 3694 121 3700 ,
148 3618 312 3694 Dixerat3
337 3621 370 3678 et
384 3620 476 3678 certa
491 3615 635 3677 fodisset
648 3617 789 3696 pectora
804 3611 933 3673 dextra.

119 3705 120 3709 Ἰ
149 3728 218 3791 Sed
235 3727 384 3789 Fortuna
398 3724 507 3809 (velut
521 3744 627 3806 prope
643 3741 775 3785 summa
789 3720 942 3802 pericula
959 3722 1065 3782 mater

149 3838 245 3900 Stare
262 3838 341 3898 sinit
357 3855 498 3918 puerum
513 3833 690 3907 interdum,
708 3838 744 3895 ut
757 3832 889 3915 majora
903 3831 1035 3925 timenti
1053 3896 1054 3900 ,

149 3948 288 4010 Gratius
305 3949 470 4012 auxilium
485 3944 615 4029 veniat)
629 3945 797 4026 submittit
813 3943 950 4006 ‘alumno

150 4059 249 4122 Unde
266 4061 376 4122 minus
392 4065 545 4141 speratur
561 4077 673 4140 opem.
696 4075 775 4118 nam
789 4058 902 4118 castra
918 4052 1079 4134 Bogudes

115 4173 118 4179 '
150 4173 256 4234 Extra
272 4173 381 4235 aciem
397 4173 542 4254 positus,
558 4169 685 4252 praedae
700 4166 884 4250 perductus
900 4184 1015 4228 amore

150 4284 363 4367 Pompeiana
378 4286 472 4366 petit.
498 4287 616 4346 contra
630 4281 719 4342 hunc
736 4278 780 4342 ad
796 4283 908 4342 castra
922 4277 1049 4342 tuenda

151 4396 205 4459 Ex
220 4398 294 4460 acie
311 4397 427 4460 educit
442 4396 615 4461 Labienus
631 4391 781 4475 quinque
797 4391 965 4477 cohortes.
1090 4473 1093 4480 =
