<?xml version="1.0" encoding="UTF-8"?>
<!DOCTYPE html PUBLIC "-//W3C//DTD XHTML 1.0 Transitional//EN"
    "http://www.w3.org/TR/xhtml1/DTD/xhtml1-transitional.dtd">
<html xmlns="http://www.w3.org/1999/xhtml" xml:lang="en" lang="en">
 <head>
  <title>
</title>
<meta http-equiv="Content-Type" content="text/html;charset=utf-8" />
  <meta name='ocr-system' content='tesseract 3.04.00' />
  <meta name='ocr-capabilities' content='ocr_page ocr_carea ocr_par ocr_line ocrx_word'/>
</head>
<body>
  <div class='ocr_page' id='page_1' title='image "./mannaeuslucanus00grotgoog/mannaeuslucanus00grotgoog_0438.png"; bbox 0 0 2784 4860; ppageno 0'>
   <div class='ocr_carea' id='block_1_1' title="bbox 348 324 1254 401">
    <p class='ocr_par' dir='ltr' id='par_1_1' title="bbox 348 324 1254 401">
     <span class='ocr_line' id='line_1_1' title="bbox 348 324 1254 401; baseline -0.001 -7"><span class='ocrx_word' id='word_1_1' title='bbox 348 325 569 394; x_wconf 87' lang='lat' dir='ltr'>CIVILIS</span> <span class='ocrx_word' id='word_1_2' title='bbox 614 325 792 399; x_wconf 80' lang='lat' dir='ltr'>BELLI</span> <span class='ocrx_word' id='word_1_3' title='bbox 837 324 947 401; x_wconf 90' lang='lat' dir='ltr'><strong>LlB.</strong></span> <span class='ocrx_word' id='word_1_4' title='bbox 981 327 1058 394; x_wconf 84' lang='lat' dir='ltr'><strong>IX.</strong></span> <span class='ocrx_word' id='word_1_5' title='bbox 1099 392 1101 398; x_wconf 85' lang='grc'><em>,</em></span> <span class='ocrx_word' id='word_1_6' title='bbox 1189 327 1254 393; x_wconf 87' lang='grc'><strong>419</strong></span> 
     </span>
    </p>
   </div>
   <div class='ocr_carea' id='block_1_2' title="bbox 143 498 1244 2559">
    <p class='ocr_par' dir='ltr' id='par_1_2' title="bbox 153 498 978 695">
     <span class='ocr_line' id='line_1_2' title="bbox 154 498 969 582; baseline -0.004 -17"><span class='ocrx_word' id='word_1_7' title='bbox 154 500 199 565; x_wconf 76' lang='lat' dir='ltr'><strong>ut</strong></span> <span class='ocrx_word' id='word_1_8' title='bbox 213 499 348 582; x_wconf 90' lang='lat' dir='ltr'><strong>penitus</strong></span> <span class='ocrx_word' id='word_1_9' title='bbox 364 505 452 563; x_wconf 89' lang='lat' dir='ltr'><strong>terra</strong></span> <span class='ocrx_word' id='word_1_10' title='bbox 467 503 528 564; x_wconf 88' lang='lat' dir='ltr'><strong>est.</strong></span> <span class='ocrx_word' id='word_1_11' title='bbox 544 504 673 563; x_wconf 88' lang='lat' dir='ltr'><strong>tantum</strong></span> <span class='ocrx_word' id='word_1_12' title='bbox 689 498 868 577; x_wconf 86' lang='lat' dir='ltr'><strong>Maurusia</strong></span> <span class='ocrx_word' id='word_1_13' title='bbox 881 503 969 582; x_wconf 84' lang='lat' dir='ltr'><strong>genti</strong></span> 
     </span>
     <span class='ocr_line' id='line_1_3' title="bbox 153 607 978 695; baseline 0.001 -22"><span class='ocrx_word' id='word_1_14' title='bbox 153 607 295 673; x_wconf 84' lang='lat' dir='ltr'><strong>Robora</strong></span> <span class='ocrx_word' id='word_1_15' title='bbox 310 611 449 686; x_wconf 86' lang='lat' dir='ltr'><strong>divitiae,</strong></span> <span class='ocrx_word' id='word_1_16' title='bbox 466 630 608 695; x_wconf 89' lang='lat' dir='ltr'><strong>quarum</strong></span> <span class='ocrx_word' id='word_1_17' title='bbox 622 629 692 678; x_wconf 91' lang='lat' dir='ltr'><strong>non</strong></span> <span class='ocrx_word' id='word_1_18' title='bbox 705 615 847 674; x_wconf 90' lang='lat' dir='ltr'><strong>noverat</strong></span> <span class='ocrx_word' id='word_1_19' title='bbox 859 629 978 674; x_wconf 89' lang='lat' dir='ltr'><strong>usum:</strong></span> 
     </span>
    </p>

    <p class='ocr_par' dir='ltr' id='par_1_3' title="bbox 151 719 965 795">
     <span class='ocr_line' id='line_1_4' title="bbox 151 719 965 795; baseline -0.001 -12"><span class='ocrx_word' id='word_1_20' title='bbox 151 720 220 783; x_wconf 87' lang='lat' dir='ltr'><strong>Sed</strong></span> <span class='ocrx_word' id='word_1_21' title='bbox 237 721 311 783; x_wconf 90' lang='lat' dir='ltr'><strong>citri</strong></span> <span class='ocrx_word' id='word_1_22' title='bbox 327 725 485 784; x_wconf 86' lang='lat' dir='ltr'><strong>contenta</strong></span> <span class='ocrx_word' id='word_1_23' title='bbox 500 722 609 784; x_wconf 89' lang='lat' dir='ltr'><strong>comis</strong></span> <span class='ocrx_word' id='word_1_24' title='bbox 623 719 772 795; x_wconf 82' lang='lat' dir='ltr'>vivebat,</span> <span class='ocrx_word' id='word_1_25' title='bbox 788 724 823 782; x_wconf 91' lang='lat' dir='ltr'><strong>et</strong></span> <span class='ocrx_word' id='word_1_26' title='bbox 835 720 965 784; x_wconf 88' lang='lat' dir='ltr'><strong>umbra.</strong></span> 
     </span>
    </p>

    <p class='ocr_par' dir='ltr' id='par_1_4' title="bbox 150 829 1054 1021">
     <span class='ocr_line' id='line_1_5' title="bbox 150 829 945 909; baseline -0.001 -17"><span class='ocrx_word' id='word_1_27' title='bbox 150 829 193 892; x_wconf 95' lang='lat' dir='ltr'><strong>In</strong></span> <span class='ocrx_word' id='word_1_28' title='bbox 207 850 326 892; x_wconf 92' lang='lat' dir='ltr'><strong>nemus</strong></span> <span class='ocrx_word' id='word_1_29' title='bbox 341 831 492 909; x_wconf 83' lang='lat' dir='ltr'><strong>ignotum</strong></span> <span class='ocrx_word' id='word_1_30' title='bbox 506 835 631 893; x_wconf 86' lang='lat' dir='ltr'><strong>nostrae</strong></span> <span class='ocrx_word' id='word_1_31' title='bbox 647 847 770 892; x_wconf 82' lang='lat' dir='ltr'><strong>venere</strong></span> <span class='ocrx_word' id='word_1_32' title='bbox 787 847 945 893; x_wconf 85' lang='lat' dir='ltr'><strong>secures:</strong></span> 
     </span>
     <span class='ocr_line' id='line_1_6' title="bbox 151 937 1054 1021; baseline 0.001 -22"><span class='ocrx_word' id='word_1_33' title='bbox 151 937 380 1020; x_wconf 80' lang='lat' dir='ltr'><strong>Extremoque</strong></span> <span class='ocrx_word' id='word_1_34' title='bbox 395 939 528 1021; x_wconf 85' lang='lat' dir='ltr'><strong>epulas,</strong></span> <span class='ocrx_word' id='word_1_35' title='bbox 542 958 746 1021; x_wconf 87' lang='lat' dir='ltr'><strong>mensasque</strong></span> <span class='ocrx_word' id='word_1_36' title='bbox 761 937 943 1020; x_wconf 88' lang='lat' dir='ltr'><strong>petivimus</strong></span> <span class='ocrx_word' id='word_1_37' title='bbox 961 938 1054 1002; x_wconf 89' lang='lat' dir='ltr'><strong>orbe.</strong></span> 
     </span>
    </p>

    <p class='ocr_par' dir='ltr' id='par_1_5' title="bbox 148 1046 1035 1457">
     <span class='ocr_line' id='line_1_7' title="bbox 152 1046 1035 1130; baseline -0.001 -19"><span class='ocrx_word' id='word_1_38' title='bbox 152 1046 197 1111; x_wconf 89' lang='lat' dir='ltr'><strong>At</strong></span> <span class='ocrx_word' id='word_1_39' title='bbox 212 1067 425 1129; x_wconf 85' lang='lat' dir='ltr'><strong>quaecunque</strong></span> <span class='ocrx_word' id='word_1_40' title='bbox 440 1067 563 1127; x_wconf 85' lang='lat' dir='ltr'><strong>vagam</strong></span> <span class='ocrx_word' id='word_1_41' title='bbox 583 1047 707 1130; x_wconf 87' lang='lat' dir='ltr'><strong>Syrtim</strong></span> <span class='ocrx_word' id='word_1_42' title='bbox 722 1046 960 1130; x_wconf 87' lang='lat' dir='ltr'><strong>complectitur</strong></span> <span class='ocrx_word' id='word_1_43' title='bbox 974 1067 1035 1110; x_wconf 93' lang='lat' dir='ltr'><strong>ora</strong></span> 
     </span>
     <span class='ocr_line' id='line_1_8' title="bbox 150 1154 969 1240; baseline 0.004 -22"><span class='ocrx_word' id='word_1_44' title='bbox 150 1154 221 1218; x_wconf 90' lang='lat' dir='ltr'><strong>Sub</strong></span> <span class='ocrx_word' id='word_1_45' title='bbox 237 1157 341 1219; x_wconf 92' lang='lat' dir='ltr'><strong>nimio</strong></span> <span class='ocrx_word' id='word_1_46' title='bbox 357 1156 512 1238; x_wconf 86' lang='lat' dir='ltr'><strong>projecta</strong></span> <span class='ocrx_word' id='word_1_47' title='bbox 526 1156 593 1232; x_wconf 90' lang='lat' dir='ltr'><strong>die,</strong></span> <span class='ocrx_word' id='word_1_48' title='bbox 608 1157 724 1233; x_wconf 88' lang='lat' dir='ltr'><strong>vicina</strong></span> <span class='ocrx_word' id='word_1_49' title='bbox 737 1158 868 1240; x_wconf 88' lang='lat' dir='ltr'><strong>perusti</strong></span> <span class='ocrx_word' id='word_1_50' title='bbox 966 1231 969 1235; x_wconf 10' lang='grc' dir='ltr'><strong><em>ἵ</em></strong></span> 
     </span>
     <span class='ocr_line' id='line_1_9' title="bbox 149 1264 996 1349; baseline 0.004 -22"><span class='ocrx_word' id='word_1_51' title='bbox 149 1264 310 1341; x_wconf 80' lang='lat' dir='ltr'><strong>AEtheriS,</strong></span> <span class='ocrx_word' id='word_1_52' title='bbox 327 1265 439 1328; x_wconf 84' lang='lat' dir='ltr'><strong>exurit</strong></span> <span class='ocrx_word' id='word_1_53' title='bbox 451 1285 593 1341; x_wconf 87' lang='lat' dir='ltr'><strong>messes,</strong></span> <span class='ocrx_word' id='word_1_54' title='bbox 609 1271 643 1328; x_wconf 89' lang='lat' dir='ltr'><strong>et</strong></span> <span class='ocrx_word' id='word_1_55' title='bbox 657 1266 796 1349; x_wconf 87' lang='lat' dir='ltr'><strong>pulvere</strong></span> <span class='ocrx_word' id='word_1_56' title='bbox 819 1265 996 1331; x_wconf 84' lang='lat' dir='ltr'><strong>Bacchum</strong></span> 
     </span>
     <span class='ocr_line' id='line_1_10' title="bbox 148 1365 857 1457; baseline 0.004 -19"><span class='ocrx_word' id='word_1_57' title='bbox 148 1374 290 1452; x_wconf 82' lang='lat' dir='ltr'><strong>Euocat,</strong></span> <span class='ocrx_word' id='word_1_58' title='bbox 307 1381 341 1439; x_wconf 88' lang='lat' dir='ltr'><strong>et</strong></span> <span class='ocrx_word' id='word_1_59' title='bbox 354 1376 449 1438; x_wconf 89' lang='lat' dir='ltr'><strong>nulla</strong></span> <span class='ocrx_word' id='word_1_60' title='bbox 463 1365 571 1457; x_wconf 82' lang='lat' dir='ltr'><strong>putris</strong></span> <span class='ocrx_word' id='word_1_61' title='bbox 586 1376 701 1440; x_wconf 90' lang='lat' dir='ltr'><strong>radice</strong></span> <span class='ocrx_word' id='word_1_62' title='bbox 716 1380 857 1440; x_wconf 85' lang='lat' dir='ltr'><strong>tenetur.</strong></span> 
     </span>
    </p>

    <p class='ocr_par' dir='ltr' id='par_1_6' title="bbox 144 1485 933 1577">
     <span class='ocr_line' id='line_1_11' title="bbox 144 1485 933 1577; baseline 0.003 -28"><span class='ocrx_word' id='word_1_63' title='bbox 144 1485 344 1577; x_wconf 85' lang='lat' dir='ltr'><strong>Temperies</strong></span> <span class='ocrx_word' id='word_1_64' title='bbox 359 1486 473 1548; x_wconf 86' lang='lat' dir='ltr'><strong>vitalis</strong></span> <span class='ocrx_word' id='word_1_65' title='bbox 495 1487 611 1550; x_wconf 91' lang='lat' dir='ltr'><strong>abest:</strong></span> <span class='ocrx_word' id='word_1_66' title='bbox 635 1491 669 1550; x_wconf 86' lang='lat' dir='ltr'><strong>et</strong></span> <span class='ocrx_word' id='word_1_67' title='bbox 682 1488 777 1551; x_wconf 89' lang='lat' dir='ltr'><strong>nulla</strong></span> <span class='ocrx_word' id='word_1_68' title='bbox 791 1487 856 1551; x_wconf 92' lang='lat' dir='ltr'><strong>sub</strong></span> <span class='ocrx_word' id='word_1_69' title='bbox 872 1487 933 1551; x_wconf 85' lang='lat' dir='ltr'><strong>illa</strong></span> 
     </span>
    </p>

    <p class='ocr_par' dir='ltr' id='par_1_7' title="bbox 148 1593 962 1680">
     <span class='ocr_line' id='line_1_12' title="bbox 148 1593 962 1680; baseline 0.001 -20"><span class='ocrx_word' id='word_1_70' title='bbox 148 1593 238 1660; x_wconf 89' lang='lat' dir='ltr'><strong>Cura</strong></span> <span class='ocrx_word' id='word_1_71' title='bbox 252 1596 275 1660; x_wconf 87' lang='lat' dir='ltr'><strong>J</strong></span> <span class='ocrx_word' id='word_1_72' title='bbox 277 1597 353 1660; x_wconf 90' lang='lat' dir='ltr'><strong>ovis</strong></span> <span class='ocrx_word' id='word_1_73' title='bbox 368 1603 455 1660; x_wconf 90' lang='lat' dir='ltr'><strong>terra</strong></span> <span class='ocrx_word' id='word_1_74' title='bbox 469 1601 540 1660; x_wconf 86' lang='lat' dir='ltr'><strong>est:</strong></span> <span class='ocrx_word' id='word_1_75' title='bbox 564 1594 698 1662; x_wconf 84' lang='lat' dir='ltr'><strong>Natura</strong></span> <span class='ocrx_word' id='word_1_76' title='bbox 717 1597 835 1662; x_wconf 88' lang='lat' dir='ltr'><strong>deside</strong></span> <span class='ocrx_word' id='word_1_77' title='bbox 849 1603 962 1680; x_wconf 87' lang='lat' dir='ltr'><strong>torpet</strong></span> 
     </span>
    </p>

    <p class='ocr_par' dir='ltr' id='par_1_8' title="bbox 148 1701 957 1784">
     <span class='ocr_line' id='line_1_13' title="bbox 148 1701 957 1784; baseline 0 -14"><span class='ocrx_word' id='word_1_78' title='bbox 148 1706 261 1783; x_wconf 85' lang='lat' dir='ltr'><strong>Orbis,</strong></span> <span class='ocrx_word' id='word_1_79' title='bbox 278 1712 312 1771; x_wconf 92' lang='lat' dir='ltr'><strong>et</strong></span> <span class='ocrx_word' id='word_1_80' title='bbox 325 1708 473 1771; x_wconf 89' lang='lat' dir='ltr'><strong>immotis</strong></span> <span class='ocrx_word' id='word_1_81' title='bbox 489 1726 614 1772; x_wconf 90' lang='lat' dir='ltr'><strong>annum</strong></span> <span class='ocrx_word' id='word_1_82' title='bbox 633 1728 702 1771; x_wconf 91' lang='lat' dir='ltr'><strong>non</strong></span> <span class='ocrx_word' id='word_1_83' title='bbox 717 1707 819 1773; x_wconf 87' lang='lat' dir='ltr'><strong>sentit</strong></span> <span class='ocrx_word' id='word_1_84' title='bbox 834 1701 957 1784; x_wconf 78' lang='lat' dir='ltr'><strong>arenis.</strong></span> 
     </span>
    </p>

    <p class='ocr_par' dir='ltr' id='par_1_9' title="bbox 144 1815 1244 2231">
     <span class='ocr_line' id='line_1_14' title="bbox 146 1815 1074 1899; baseline 0.001 -20"><span class='ocrx_word' id='word_1_85' title='bbox 146 1816 227 1880; x_wconf 91' lang='lat' dir='ltr'><strong>Hoc</strong></span> <span class='ocrx_word' id='word_1_86' title='bbox 242 1822 312 1880; x_wconf 90' lang='lat' dir='ltr'><strong>tam</strong></span> <span class='ocrx_word' id='word_1_87' title='bbox 332 1837 433 1899; x_wconf 79' lang='lat' dir='ltr'><strong>segne</strong></span> <span class='ocrx_word' id='word_1_88' title='bbox 449 1818 560 1881; x_wconf 87' lang='lat' dir='ltr'><strong>solum</strong></span> <span class='ocrx_word' id='word_1_89' title='bbox 574 1837 668 1884; x_wconf 85' lang='lat' dir='ltr'><strong>raras</strong></span> <span class='ocrx_word' id='word_1_90' title='bbox 683 1824 796 1883; x_wconf 86' lang='lat' dir='ltr'><strong>tamen</strong></span> <span class='ocrx_word' id='word_1_91' title='bbox 809 1818 918 1883; x_wconf 86' lang='lat' dir='ltr'><strong>exerit</strong></span> <span class='ocrx_word' id='word_1_92' title='bbox 938 1815 1074 1892; x_wconf 81' lang='lat' dir='ltr'><strong>herbas,</strong></span> 
     </span>
     <span class='ocr_line' id='line_1_15' title="bbox 146 1923 1112 2011; baseline -0.001 -20"><span class='ocrx_word' id='word_1_93' title='bbox 146 1926 242 2005; x_wconf 84' lang='lat' dir='ltr'><strong>Quas</strong></span> <span class='ocrx_word' id='word_1_94' title='bbox 259 1928 438 1991; x_wconf 83' lang='lat' dir='ltr'><strong>Nasamon</strong></span> <span class='ocrx_word' id='word_1_95' title='bbox 452 1948 534 2009; x_wconf 86' lang='lat' dir='ltr'><strong>gens</strong></span> <span class='ocrx_word' id='word_1_96' title='bbox 550 1929 635 1993; x_wconf 88' lang='lat' dir='ltr'><strong>dura</strong></span> <span class='ocrx_word' id='word_1_97' title='bbox 648 1929 741 2010; x_wconf 84' lang='lat' dir='ltr'><strong>legit,</strong></span> <span class='ocrx_word' id='word_1_98' title='bbox 758 1929 817 2011; x_wconf 91' lang='lat' dir='ltr'><strong>qui</strong></span> <span class='ocrx_word' id='word_1_99' title='bbox 832 1923 991 2010; x_wconf 80' lang='lat' dir='ltr'><strong>proxima</strong></span> <span class='ocrx_word' id='word_1_100' title='bbox 1004 1931 1112 2009; x_wconf 89' lang='lat' dir='ltr'><strong>ponto</strong></span> 
     </span>
     <span class='ocr_line' id='line_1_16' title="bbox 145 2035 1244 2120; baseline 0 -20"><span class='ocrx_word' id='word_1_101' title='bbox 145 2035 269 2100; x_wconf 91' lang='lat' dir='ltr'><strong>Nudus</strong></span> <span class='ocrx_word' id='word_1_102' title='bbox 283 2058 362 2101; x_wconf 88' lang='lat' dir='ltr'><strong>rura</strong></span> <span class='ocrx_word' id='word_1_103' title='bbox 376 2042 477 2113; x_wconf 88' lang='lat' dir='ltr'><strong>tenet,</strong></span> <span class='ocrx_word' id='word_1_104' title='bbox 497 2057 598 2120; x_wconf 82' lang='lat' dir='ltr'><strong>quem</strong></span> <span class='ocrx_word' id='word_1_105' title='bbox 612 2039 728 2103; x_wconf 89' lang='lat' dir='ltr'><strong>mundi</strong></span> <span class='ocrx_word' id='word_1_106' title='bbox 743 2039 890 2103; x_wconf 86' lang='lat' dir='ltr'><strong>barbara</strong></span> <span class='ocrx_word' id='word_1_107' title='bbox 905 2038 1037 2104; x_wconf 83' lang='lat' dir='ltr'><strong>damnis</strong></span> <span class='ocrx_word' id='word_1_108' title='bbox 1177 2035 1244 2100; x_wconf 87' lang='grc'><strong>440</strong></span> 
     </span>
     <span class='ocr_line' id='line_1_17' title="bbox 144 2147 921 2231; baseline 0.001 -20"><span class='ocrx_word' id='word_1_109' title='bbox 144 2147 252 2229; x_wconf 81' lang='lat' dir='ltr'><strong>Syrtis</strong></span> <span class='ocrx_word' id='word_1_110' title='bbox 268 2149 339 2210; x_wconf 92' lang='lat' dir='ltr'><strong>alit.</strong></span> <span class='ocrx_word' id='word_1_111' title='bbox 354 2167 433 2210; x_wconf 88' lang='lat' dir='ltr'><strong>nam</strong></span> <span class='ocrx_word' id='word_1_112' title='bbox 446 2148 589 2212; x_wconf 86' lang='lat' dir='ltr'><strong>littoreis</strong></span> <span class='ocrx_word' id='word_1_113' title='bbox 605 2149 788 2231; x_wconf 84' lang='lat' dir='ltr'><strong>populator</strong></span> <span class='ocrx_word' id='word_1_114' title='bbox 809 2149 921 2212; x_wconf 89' lang='lat' dir='ltr'><strong>arenis</strong></span> 
     </span>
    </p>

    <p class='ocr_par' dir='ltr' id='par_1_10' title="bbox 145 2254 923 2339">
     <span class='ocr_line' id='line_1_18' title="bbox 145 2254 923 2339; baseline 0.003 -19"><span class='ocrx_word' id='word_1_115' title='bbox 145 2257 313 2333; x_wconf 89' lang='lat' dir='ltr'><strong>Imminet,</strong></span> <span class='ocrx_word' id='word_1_116' title='bbox 330 2263 364 2320; x_wconf 94' lang='lat' dir='ltr'><strong>et</strong></span> <span class='ocrx_word' id='word_1_117' title='bbox 378 2259 473 2321; x_wconf 88' lang='lat' dir='ltr'><strong>nulla</strong></span> <span class='ocrx_word' id='word_1_118' title='bbox 488 2263 606 2339; x_wconf 89' lang='lat' dir='ltr'><strong>portus</strong></span> <span class='ocrx_word' id='word_1_119' title='bbox 622 2263 779 2338; x_wconf 87' lang='lat' dir='ltr'><strong>tangente</strong></span> <span class='ocrx_word' id='word_1_120' title='bbox 796 2254 923 2333; x_wconf 87' lang='lat' dir='ltr'><strong>carina,</strong></span> 
     </span>
    </p>

    <p class='ocr_par' dir='ltr' id='par_1_11' title="bbox 143 2367 1058 2559">
     <span class='ocr_line' id='line_1_19' title="bbox 144 2367 978 2450; baseline 0 -19"><span class='ocrx_word' id='word_1_121' title='bbox 144 2368 252 2432; x_wconf 90' lang='lat' dir='ltr'><strong>Novit</strong></span> <span class='ocrx_word' id='word_1_122' title='bbox 268 2388 364 2450; x_wconf 88' lang='lat' dir='ltr'><strong>opes.</strong></span> <span class='ocrx_word' id='word_1_123' title='bbox 381 2368 431 2431; x_wconf 90' lang='lat' dir='ltr'><strong>sic</strong></span> <span class='ocrx_word' id='word_1_124' title='bbox 449 2387 527 2430; x_wconf 92' lang='lat' dir='ltr'><strong>cum</strong></span> <span class='ocrx_word' id='word_1_125' title='bbox 542 2372 615 2431; x_wconf 92' lang='lat' dir='ltr'><strong>toto</strong></span> <span class='ocrx_word' id='word_1_126' title='bbox 631 2368 836 2431; x_wconf 91' lang='lat' dir='ltr'><strong>commercia</strong></span> <span class='ocrx_word' id='word_1_127' title='bbox 851 2367 978 2431; x_wconf 91' lang='lat' dir='ltr'><strong>mundo</strong></span> 
     </span>
     <span class='ocr_line' id='line_1_20' title="bbox 143 2475 1058 2559; baseline -0.003 -18"><span class='ocrx_word' id='word_1_128' title='bbox 143 2478 341 2559; x_wconf 81' lang='lat' dir='ltr'><strong>Naufragiis</strong></span> <span class='ocrx_word' id='word_1_129' title='bbox 357 2475 574 2542; x_wconf 88' lang='lat' dir='ltr'><strong>Nasamones</strong></span> <span class='ocrx_word' id='word_1_130' title='bbox 594 2478 731 2541; x_wconf 90' lang='lat' dir='ltr'><strong>habent.</strong></span> <span class='ocrx_word' id='word_1_131' title='bbox 746 2477 811 2541; x_wconf 87' lang='lat' dir='ltr'><strong>hac</strong></span> <span class='ocrx_word' id='word_1_132' title='bbox 827 2478 876 2540; x_wconf 89' lang='lat' dir='ltr'><strong>ire</strong></span> <span class='ocrx_word' id='word_1_133' title='bbox 892 2475 1058 2540; x_wconf 83' lang='lat' dir='ltr'><strong>Catonem</strong></span> 
     </span>
    </p>
   </div>
   <div class='ocr_carea' id='block_1_3' title="bbox 138 2658 1237 2719">
    <p class='ocr_par' dir='ltr' id='par_1_12' title="bbox 138 2658 1237 2719">
     <span class='ocr_line' id='line_1_21' title="bbox 138 2658 1237 2719; baseline -0.007 -8"><span class='ocrx_word' id='word_1_134' title='bbox 138 2662 304 2719; x_wconf 68' lang='lat' dir='ltr'><strong>austrasie.</strong></span> <span class='ocrx_word' id='word_1_135' title='bbox 379 2661 560 2712; x_wconf 62' lang='lat' dir='ltr'><strong>446Maurisio.</strong></span> <span class='ocrx_word' id='word_1_136' title='bbox 637 2660 765 2708; x_wconf 69' lang='lat' dir='ltr'><strong>saocedrt.</strong></span> <span class='ocrx_word' id='word_1_137' title='bbox 840 2658 991 2704; x_wconf 69' lang='lat' dir='ltr'><strong>428umbris.</strong></span> <span class='ocrx_word' id='word_1_138' title='bbox 1068 2658 1237 2717; x_wconf 68' lang='lat' dir='ltr'><strong>432pomcta.</strong></span> 
     </span>
    </p>
   </div>
   <div class='ocr_carea' id='block_1_4' title="bbox 139 2819 1309 4305">
    <p class='ocr_par' dir='ltr' id='par_1_13' title="bbox 139 2819 1309 4305">
     <span class='ocr_line' id='line_1_22' title="bbox 142 2819 1242 2890; baseline -0.006 -16"><span class='ocrx_word' id='word_1_139' title='bbox 142 2834 178 2875; x_wconf 86' lang='lat' dir='ltr'><strong>est</strong></span> <span class='ocrx_word' id='word_1_140' title='bbox 195 2845 275 2876; x_wconf 85' lang='lat' dir='ltr'><strong>aurum</strong></span> <span class='ocrx_word' id='word_1_141' title='bbox 293 2837 317 2876; x_wconf 88' lang='lat' dir='ltr'><strong>et</strong></span> <span class='ocrx_word' id='word_1_142' title='bbox 336 2835 455 2890; x_wconf 80' lang='lat' dir='ltr'><strong>argeutum</strong></span> <span class='ocrx_word' id='word_1_143' title='bbox 470 2828 607 2889; x_wconf 88' lang='lat' dir='ltr'><strong>producere.</strong></span> <span class='ocrx_word' id='word_1_144' title='bbox 628 2825 680 2872; x_wconf 78' lang='lat' dir='ltr'><strong>sut·</strong></span> <span class='ocrx_word' id='word_1_145' title='bbox 706 2823 802 2885; x_wconf 73' lang='lat' dir='ltr'><strong>pulviae,</strong></span> <span class='ocrx_word' id='word_1_146' title='bbox 813 2830 839 2870; x_wconf 91' lang='lat' dir='ltr'><strong>ut</strong></span> <span class='ocrx_word' id='word_1_147' title='bbox 848 2822 888 2868; x_wconf 79' lang='lat' dir='ltr'><strong>lib.</strong></span> <span class='ocrx_word' id='word_1_148' title='bbox 900 2825 924 2872; x_wconf 86' lang='grc'><strong>8.</strong></span> <span class='ocrx_word' id='word_1_149' title='bbox 937 2837 972 2869; x_wconf 81' lang='lat' dir='ltr'><strong>vs.</strong></span> <span class='ocrx_word' id='word_1_150' title='bbox 987 2823 1043 2870; x_wconf 79' lang='grc'>447.</span> <span class='ocrx_word' id='word_1_151' title='bbox 1054 2821 1089 2869; x_wconf 82' lang='lat' dir='ltr'><strong>vel</strong></span> <span class='ocrx_word' id='word_1_152' title='bbox 1097 2819 1242 2883; x_wconf 82' lang='lat' dir='ltr'><strong>simpliciter,</strong></span> 
     </span>
     <span class='ocr_line' id='line_1_23' title="bbox 160 2889 1132 2939; baseline -0.008 -1"><span class='ocrx_word' id='word_1_153' title='bbox 160 2894 220 2939; x_wconf 79' lang='lat' dir='ltr'><strong>ttius.</strong></span> <span class='ocrx_word' id='word_1_154' title='bbox 708 2889 761 2935; x_wconf 88' lang='lat' dir='ltr'><strong>Dei.</strong></span> <span class='ocrx_word' id='word_1_155' title='bbox 1130 2908 1132 2912; x_wconf 20' lang='grc' dir='ltr'><em>Α</em></span> 
     </span>
     <span class='ocr_line' id='line_1_24' title="bbox 141 2909 1242 3017; baseline -0.007 -15"><span class='ocrx_word' id='word_1_156' title='bbox 141 2909 233 3005; x_wconf 68' lang='grc' dir='ltr'><strong>Ρ446.</strong></span> <span class='ocrx_word' id='word_1_157' title='bbox 251 2955 348 3003; x_wconf 85' lang='lat' dir='ltr'><strong>Tamum</strong></span> <span class='ocrx_word' id='word_1_158' title='bbox 355 2955 476 3002; x_wconf 71' lang='lat' dir='ltr'><strong>Maurusia</strong></span> <span class='ocrx_word' id='word_1_159' title='bbox 482 2953 564 3017; x_wconf 66' lang='lat' dir='ltr'><strong>gemb]</strong></span> <span class='ocrx_word' id='word_1_160' title='bbox 582 2955 680 3000; x_wconf 84' lang='lat' dir='ltr'><strong>&#39;lautum</strong></span> <span class='ocrx_word' id='word_1_161' title='bbox 737 2953 794 3000; x_wconf 80' lang='lat'><strong>437.</strong></span> <span class='ocrx_word' id='word_1_162' title='bbox 812 2949 897 3012; x_wconf 67' lang='lat' dir='ltr'><strong>Orbis]</strong></span> <span class='ocrx_word' id='word_1_163' title='bbox 914 2951 958 2996; x_wconf 90' lang='lat' dir='ltr'><strong>llla</strong></span> <span class='ocrx_word' id='word_1_164' title='bbox 969 2949 1033 2998; x_wconf 84' lang='lat' dir='ltr'><strong>orbis</strong></span> <span class='ocrx_word' id='word_1_165' title='bbox 1043 2956 1180 3010; x_wconf 82' lang='lat' dir='ltr'><strong>terraepars.</strong></span> <span class='ocrx_word' id='word_1_166' title='bbox 1195 2945 1242 2994; x_wconf 87' lang='lat' dir='ltr'><strong>lm·</strong></span> 
     </span>
     <span class='ocr_line' id='line_1_25' title="bbox 145 3013 1309 3078; baseline -0.005 -11"><span class='ocrx_word' id='word_1_167' title='bbox 145 3021 292 3068; x_wconf 73' lang='lat' dir='ltr'><strong>Mauritaniae</strong></span> <span class='ocrx_word' id='word_1_168' title='bbox 300 3021 388 3068; x_wconf 84' lang='lat' dir='ltr'><strong>divitiae</strong></span> <span class='ocrx_word' id='word_1_169' title='bbox 396 3027 449 3067; x_wconf 87' lang='lat' dir='ltr'><strong>sunt</strong></span> <span class='ocrx_word' id='word_1_170' title='bbox 457 3019 509 3066; x_wconf 87' lang='lat' dir='ltr'><strong>citri</strong></span> <span class='ocrx_word' id='word_1_171' title='bbox 518 3020 618 3074; x_wconf 86' lang='lat' dir='ltr'><strong>arbores,</strong></span> <span class='ocrx_word' id='word_1_172' title='bbox 626 3034 680 3078; x_wconf 89' lang='lat' dir='ltr'><strong>qua·</strong></span> <span class='ocrx_word' id='word_1_173' title='bbox 704 3015 786 3076; x_wconf 75' lang='lat' dir='ltr'><strong>mutia]</strong></span> <span class='ocrx_word' id='word_1_174' title='bbox 804 3014 1064 3062; x_wconf 77' lang='lat' dir='ltr'><strong>lnaratis.rlnmtmuon</strong></span> <span class='ocrx_word' id='word_1_175' title='bbox 1074 3013 1240 3077; x_wconf 67' lang='lat' dir='ltr'><strong>enatarem]</strong></span> <span class='ocrx_word' id='word_1_176' title='bbox 1307 3058 1309 3061; x_wconf 86' lang='lat'>.</span> 
     </span>
     <span class='ocr_line' id='line_1_26' title="bbox 142 3075 1239 3144; baseline -0.009 -12"><span class='ocrx_word' id='word_1_177' title='bbox 142 3101 194 3132; x_wconf 88' lang='lat' dir='ltr'><strong>rum</strong></span> <span class='ocrx_word' id='word_1_178' title='bbox 204 3092 279 3132; x_wconf 85' lang='lat' dir='ltr'><strong>tamen</strong></span> <span class='ocrx_word' id='word_1_179' title='bbox 290 3102 357 3132; x_wconf 83' lang='lat' dir='ltr'><strong>usum</strong></span> <span class='ocrx_word' id='word_1_180' title='bbox 364 3100 410 3131; x_wconf 87' lang='lat' dir='ltr'><strong>non</strong></span> <span class='ocrx_word' id='word_1_181' title='bbox 420 3089 534 3132; x_wconf 87' lang='lat' dir='ltr'><strong>noverunt</strong></span> <span class='ocrx_word' id='word_1_182' title='bbox 543 3083 679 3144; x_wconf 85' lang='lat' dir='ltr'><strong>ultraquam</strong></span> <span class='ocrx_word' id='word_1_183' title='bbox 704 3080 834 3126; x_wconf 80' lang='lat' dir='ltr'><strong>Annivioes</strong></span> <span class='ocrx_word' id='word_1_184' title='bbox 839 3087 862 3125; x_wconf 89' lang='lat' dir='ltr'><strong>et</strong></span> <span class='ocrx_word' id='word_1_185' title='bbox 867 3080 1077 3126; x_wconf 80' lang='lat' dir='ltr'><strong>virea.necmesses</strong></span> <span class='ocrx_word' id='word_1_186' title='bbox 1082 3075 1239 3133; x_wconf 82' lang='lat' dir='ltr'><strong>autumni‚&amp;c.</strong></span> 
     </span>
     <span class='ocr_line' id='line_1_27' title="bbox 142 3141 1160 3210; baseline -0.008 -14"><span class='ocrx_word' id='word_1_187' title='bbox 142 3151 229 3196; x_wconf 89' lang='lat' dir='ltr'><strong>umbris</strong></span> <span class='ocrx_word' id='word_1_188' title='bbox 242 3163 318 3197; x_wconf 82' lang='lat' dir='ltr'><strong>earum</strong></span> <span class='ocrx_word' id='word_1_189' title='bbox 330 3151 474 3210; x_wconf 85' lang='lat' dir='ltr'><strong>gaudebant:</strong></span> <span class='ocrx_word' id='word_1_190' title='bbox 490 3147 575 3195; x_wconf 74' lang='lat' dir='ltr'><strong>nostris</strong></span> <span class='ocrx_word' id='word_1_191' title='bbox 589 3163 644 3194; x_wconf 83' lang='lat' dir='ltr'><strong>vero</strong></span> <span class='ocrx_word' id='word_1_192' title='bbox 655 3146 678 3192; x_wconf 90' lang='lat' dir='ltr'><strong>in</strong></span> <span class='ocrx_word' id='word_1_193' title='bbox 736 3146 792 3191; x_wconf 84' lang='grc'>438.</span> <span class='ocrx_word' id='word_1_194' title='bbox 810 3143 881 3206; x_wconf 82' lang='lat' dir='ltr'><strong>Segne</strong></span> <span class='ocrx_word' id='word_1_195' title='bbox 888 3141 978 3204; x_wconf 81' lang='lat' dir='ltr'><strong>solam]</strong></span> <span class='ocrx_word' id='word_1_196' title='bbox 996 3141 1160 3190; x_wconf 79' lang='lat' dir='ltr'><strong>lusaecundum.</strong></span> 
     </span>
     <span class='ocr_line' id='line_1_28' title="bbox 143 3202 1236 3274; baseline -0.009 -14"><span class='ocrx_word' id='word_1_197' title='bbox 143 3230 231 3260; x_wconf 81' lang='lat' dir='ltr'><strong>summo</strong></span> <span class='ocrx_word' id='word_1_198' title='bbox 243 3214 323 3274; x_wconf 88' lang='lat' dir='ltr'><strong>precio</strong></span> <span class='ocrx_word' id='word_1_199' title='bbox 342 3220 366 3260; x_wconf 89' lang='lat' dir='ltr'><strong>et</strong></span> <span class='ocrx_word' id='word_1_200' title='bbox 385 3215 470 3259; x_wconf 88' lang='lat' dir='ltr'><strong>honore</strong></span> <span class='ocrx_word' id='word_1_201' title='bbox 487 3217 539 3258; x_wconf 87' lang='lat' dir='ltr'><strong>sunt</strong></span> <span class='ocrx_word' id='word_1_202' title='bbox 556 3210 635 3258; x_wconf 89' lang='lat' dir='ltr'><strong>lectuli</strong></span> <span class='ocrx_word' id='word_1_203' title='bbox 655 3219 679 3256; x_wconf 88' lang='lat' dir='ltr'><strong>et</strong></span> <span class='ocrx_word' id='word_1_204' title='bbox 735 3211 791 3257; x_wconf 86' lang='grc'>439.</span> <span class='ocrx_word' id='word_1_205' title='bbox 810 3206 922 3254; x_wconf 77' lang='lat' dir='ltr'><strong>Nasamon</strong></span> <span class='ocrx_word' id='word_1_206' title='bbox 941 3222 997 3272; x_wconf 78' lang='lat' dir='ltr'><strong>geru</strong></span> <span class='ocrx_word' id='word_1_207' title='bbox 1015 3207 1074 3252; x_wconf 81' lang='lat' dir='ltr'><strong>dura</strong></span> <span class='ocrx_word' id='word_1_208' title='bbox 1092 3205 1156 3268; x_wconf 82' lang='lat' dir='ltr'><strong>legit,</strong></span> <span class='ocrx_word' id='word_1_209' title='bbox 1176 3202 1236 3270; x_wconf 69' lang='lat' dir='ltr'><strong>dic]</strong></span> 
     </span>
     <span class='ocr_line' id='line_1_29' title="bbox 142 3270 1240 3341; baseline -0.009 -17"><span class='ocrx_word' id='word_1_210' title='bbox 142 3294 226 3325; x_wconf 83' lang='lat' dir='ltr'><strong>rnensae</strong></span> <span class='ocrx_word' id='word_1_211' title='bbox 238 3277 326 3324; x_wconf 86' lang='lat' dir='ltr'><strong>eeitro.</strong></span> <span class='ocrx_word' id='word_1_212' title='bbox 336 3275 498 3341; x_wconf 78' lang='lat' dir='ltr'><strong>Accipefeltces</strong></span> <span class='ocrx_word' id='word_1_213' title='bbox 506 3275 621 3322; x_wconf 80' lang='lat' dir='ltr'><strong>Atlantica</strong></span> <span class='ocrx_word' id='word_1_214' title='bbox 629 3291 679 3320; x_wconf 81' lang='lat' dir='ltr'><strong>mu·</strong></span> <span class='ocrx_word' id='word_1_215' title='bbox 703 3273 845 3319; x_wconf 80' lang='lat' dir='ltr'><strong>Nasamones</strong></span> <span class='ocrx_word' id='word_1_216' title='bbox 854 3273 938 3319; x_wconf 74' lang='lat' dir='ltr'><strong>Africae</strong></span> <span class='ocrx_word' id='word_1_217' title='bbox 956 3286 1011 3332; x_wconf 90' lang='lat' dir='ltr'><strong>pop.</strong></span> <span class='ocrx_word' id='word_1_218' title='bbox 1029 3270 1053 3316; x_wconf 89' lang='lat' dir='ltr'><strong>in</strong></span> <span class='ocrx_word' id='word_1_219' title='bbox 1070 3270 1120 3316; x_wconf 81' lang='lat' dir='ltr'><strong>solo</strong></span> <span class='ocrx_word' id='word_1_220' title='bbox 1135 3282 1240 3322; x_wconf 76' lang='lat' dir='ltr'><strong>arenoeo,</strong></span> 
     </span>
     <span class='ocr_line' id='line_1_30' title="bbox 141 3332 1239 3404; baseline -0.009 -16"><span class='ocrx_word' id='word_1_221' title='bbox 141 3343 291 3404; x_wconf 78' lang='lat' dir='ltr'><strong>uer-asyleas:</strong></span> <span class='ocrx_word' id='word_1_222' title='bbox 308 3342 385 3388; x_wconf 80' lang='lat' dir='ltr'><strong>Aurea</strong></span> <span class='ocrx_word' id='word_1_223' title='bbox 396 3343 435 3403; x_wconf 79' lang='lat' dir='ltr'><strong>qai</strong></span> <span class='ocrx_word' id='word_1_224' title='bbox 450 3341 536 3388; x_wconf 80' lang='lat' dir='ltr'><strong>dederit</strong></span> <span class='ocrx_word' id='word_1_225' title='bbox 555 3340 620 3396; x_wconf 82' lang='lat' dir='ltr'><strong>dona,</strong></span> <span class='ocrx_word' id='word_1_226' title='bbox 636 3341 678 3387; x_wconf 85' lang='lat' dir='ltr'><strong>mi·</strong></span> <span class='ocrx_word' id='word_1_227' title='bbox 702 3334 774 3384; x_wconf 84' lang='lat' dir='ltr'><strong>vicini</strong></span> <span class='ocrx_word' id='word_1_228' title='bbox 784 3337 898 3397; x_wconf 78' lang='lat' dir='ltr'><strong>Syrtibus.</strong></span> <span class='ocrx_word' id='word_1_229' title='bbox 918 3351 1013 3396; x_wconf 87' lang='lat' dir='ltr'><strong>quarum</strong></span> <span class='ocrx_word' id='word_1_230' title='bbox 1030 3333 1156 3394; x_wconf 71' lang='lat' dir='ltr'><strong>naustagiis</strong></span> <span class='ocrx_word' id='word_1_231' title='bbox 1171 3332 1239 3378; x_wconf 84' lang='lat' dir='ltr'><strong>victi·</strong></span> 
     </span>
     <span class='ocr_line' id='line_1_31' title="bbox 141 3396 1239 3466; baseline -0.009 -14"><span class='ocrx_word' id='word_1_232' title='bbox 141 3422 197 3453; x_wconf 80' lang='lat' dir='ltr'><strong>uma</strong></span> <span class='ocrx_word' id='word_1_233' title='bbox 216 3408 284 3453; x_wconf 79' lang='lat' dir='ltr'><strong>dabit.</strong></span> <span class='ocrx_word' id='word_1_234' title='bbox 303 3407 403 3453; x_wconf 81' lang='lat' dir='ltr'><strong>Martial.</strong></span> <span class='ocrx_word' id='word_1_235' title='bbox 421 3405 495 3466; x_wconf 81' lang='lat' dir='ltr'><strong>epigr.</strong></span> <span class='ocrx_word' id='word_1_236' title='bbox 517 3407 556 3452; x_wconf 83' lang='lat'><strong>89.</strong></span> <span class='ocrx_word' id='word_1_237' title='bbox 576 3404 618 3451; x_wconf 88' lang='lat' dir='ltr'><strong>lib.</strong></span> <span class='ocrx_word' id='word_1_238' title='bbox 638 3408 677 3454; x_wconf 67' lang='lat'><strong>24.</strong></span> <span class='ocrx_word' id='word_1_239' title='bbox 702 3407 759 3457; x_wconf 83' lang='lat' dir='ltr'><strong>taut,</strong></span> <span class='ocrx_word' id='word_1_240' title='bbox 773 3401 859 3462; x_wconf 86' lang='lat' dir='ltr'><strong>quippe</strong></span> <span class='ocrx_word' id='word_1_241' title='bbox 870 3400 977 3446; x_wconf 88' lang='lat' dir='ltr'><strong>obsident</strong></span> <span class='ocrx_word' id='word_1_242' title='bbox 990 3398 1070 3444; x_wconf 80' lang='lat' dir='ltr'><strong>littora</strong></span> <span class='ocrx_word' id='word_1_243' title='bbox 1082 3405 1106 3444; x_wconf 91' lang='lat' dir='ltr'><strong>et</strong></span> <span class='ocrx_word' id='word_1_244' title='bbox 1116 3403 1174 3443; x_wconf 82' lang='lat' dir='ltr'><strong>aestu</strong></span> <span class='ocrx_word' id='word_1_245' title='bbox 1184 3396 1239 3442; x_wconf 84' lang='lat' dir='ltr'><strong>des-</strong></span> 
     </span>
     <span class='ocr_line' id='line_1_32' title="bbox 143 3461 1238 3528; baseline -0.008 -11"><span class='ocrx_word' id='word_1_246' title='bbox 143 3471 196 3517; x_wconf 82' lang='lat' dir='ltr'><strong>vida</strong></span> <span class='ocrx_word' id='word_1_247' title='bbox 206 3471 269 3517; x_wconf 83' lang='lat' dir='ltr'><strong>Plio.</strong></span> <span class='ocrx_word' id='word_1_248' title='bbox 278 3471 319 3516; x_wconf 88' lang='lat' dir='ltr'><strong>lib.</strong></span> <span class='ocrx_word' id='word_1_249' title='bbox 332 3473 371 3517; x_wconf 85' lang='lat'><strong>13.</strong></span> <span class='ocrx_word' id='word_1_250' title='bbox 383 3478 407 3517; x_wconf 87' lang='lat' dir='ltr'><strong>at</strong></span> <span class='ocrx_word' id='word_1_251' title='bbox 420 3474 458 3517; x_wconf 83' lang='lat'><strong>15.</strong></span> <span class='ocrx_word' id='word_1_252' title='bbox 470 3483 520 3528; x_wconf 84' lang='lat' dir='ltr'><strong>cap.</strong></span> <span class='ocrx_word' id='word_1_253' title='bbox 534 3473 557 3518; x_wconf 83' lang='lat'><strong>5.</strong></span> <span class='ocrx_word' id='word_1_254' title='bbox 702 3465 771 3512; x_wconf 88' lang='lat' dir='ltr'><strong>tituta</strong></span> <span class='ocrx_word' id='word_1_255' title='bbox 783 3464 877 3526; x_wconf 78' lang='lat' dir='ltr'><strong>nauigia</strong></span> <span class='ocrx_word' id='word_1_256' title='bbox 893 3464 954 3511; x_wconf 84' lang='lat' dir='ltr'><strong>notis</strong></span> <span class='ocrx_word' id='word_1_257' title='bbox 973 3461 1018 3508; x_wconf 83' lang='lat' dir='ltr'><strong>ribi</strong></span> <span class='ocrx_word' id='word_1_258' title='bbox 1033 3461 1099 3508; x_wconf 79' lang='lat' dir='ltr'><strong>vadis</strong></span> <span class='ocrx_word' id='word_1_259' title='bbox 1117 3467 1238 3520; x_wconf 78' lang='lat' dir='ltr'><strong>occupant</strong></span> 
     </span>
     <span class='ocr_line' id='line_1_33' title="bbox 174 3524 1238 3597; baseline -0.01 -15"><span class='ocrx_word' id='word_1_260' title='bbox 174 3538 230 3583; x_wconf 80' lang='lat'><strong>430.</strong></span> <span class='ocrx_word' id='word_1_261' title='bbox 249 3535 393 3596; x_wconf 65' lang='lat' dir='ltr'><strong>Extremoque</strong></span> <span class='ocrx_word' id='word_1_262' title='bbox 411 3534 481 3597; x_wconf 72' lang='lat' dir='ltr'><strong>orba]</strong></span> <span class='ocrx_word' id='word_1_263' title='bbox 499 3531 676 3580; x_wconf 84' lang='lat' dir='ltr'><strong>EMauritunia.</strong></span> <span class='ocrx_word' id='word_1_264' title='bbox 702 3529 766 3576; x_wconf 84' lang='lat' dir='ltr'><strong>Gurt.</strong></span> <span class='ocrx_word' id='word_1_265' title='bbox 785 3533 809 3579; x_wconf 87' lang='grc'><strong>4.</strong></span> <span class='ocrx_word' id='word_1_266' title='bbox 827 3544 883 3589; x_wconf 78' lang='lat' dir='ltr'><strong>quaa</strong></span> <span class='ocrx_word' id='word_1_267' title='bbox 901 3533 967 3574; x_wconf 83' lang='lat' dir='ltr'><strong>antea</strong></span> <span class='ocrx_word' id='word_1_268' title='bbox 985 3524 1144 3586; x_wconf 73' lang='lat' dir='ltr'><strong>Mesammones</strong></span> <span class='ocrx_word' id='word_1_269' title='bbox 1160 3525 1238 3572; x_wconf 64' lang='lat' dir='ltr'><strong>Graeci</strong></span> 
     </span>
     <span class='ocr_line' id='line_1_34' title="bbox 143 3588 1301 3661; baseline -0.009 -15"><span class='ocrx_word' id='word_1_270' title='bbox 143 3598 248 3661; x_wconf 62' lang='lat' dir='ltr'><strong>Epirum]</strong></span> <span class='ocrx_word' id='word_1_271' title='bbox 267 3600 391 3646; x_wconf 82' lang='lat' dir='ltr'><strong>Esouleuta</strong></span> <span class='ocrx_word' id='word_1_272' title='bbox 401 3605 425 3645; x_wconf 87' lang='lat' dir='ltr'><strong>ot</strong></span> <span class='ocrx_word' id='word_1_273' title='bbox 435 3598 565 3659; x_wconf 85' lang='lat' dir='ltr'><strong>poculenta.</strong></span> <span class='ocrx_word' id='word_1_274' title='bbox 578 3597 609 3643; x_wconf 79' lang='lat' dir='ltr'><strong>Ar</strong></span> <span class='ocrx_word' id='word_1_275' title='bbox 619 3612 677 3658; x_wconf 78' lang='lat' dir='ltr'><strong>qua·</strong></span> <span class='ocrx_word' id='word_1_276' title='bbox 702 3593 855 3654; x_wconf 86' lang='lat' dir='ltr'><strong>appellavere,</strong></span> <span class='ocrx_word' id='word_1_277' title='bbox 863 3592 920 3654; x_wconf 68' lang='lat' dir='ltr'><strong>,quia</strong></span> <span class='ocrx_word' id='word_1_278' title='bbox 930 3589 1020 3638; x_wconf 86' lang='lat' dir='ltr'><strong>medios</strong></span> <span class='ocrx_word' id='word_1_279' title='bbox 1030 3590 1092 3637; x_wconf 85' lang='lat' dir='ltr'><strong>inter</strong></span> <span class='ocrx_word' id='word_1_280' title='bbox 1108 3604 1188 3636; x_wconf 80' lang='lat' dir='ltr'><strong>arenas</strong></span> <span class='ocrx_word' id='word_1_281' title='bbox 1205 3588 1237 3636; x_wconf 78' lang='lat' dir='ltr'><strong>si·</strong></span> <span class='ocrx_word' id='word_1_282' title='bbox 1297 3602 1301 3615; x_wconf 72' lang='lat'><strong><em>‘</em></strong></span> 
     </span>
     <span class='ocr_line' id='line_1_35' title="bbox 140 3658 849 3726; baseline -0.01 -16"><span class='ocrx_word' id='word_1_283' title='bbox 140 3679 235 3726; x_wconf 68' lang='lat' dir='ltr'><strong>curmae,</strong></span> <span class='ocrx_word' id='word_1_284' title='bbox 248 3663 304 3724; x_wconf 72' lang='lat' dir='ltr'><strong>dcc]</strong></span> <span class='ocrx_word' id='word_1_285' title='bbox 322 3662 448 3710; x_wconf 82' lang='lat' dir='ltr'><strong>Orientalia</strong></span> <span class='ocrx_word' id='word_1_286' title='bbox 458 3678 516 3714; x_wconf 81' lang='lat' dir='ltr'><strong>veto</strong></span> <span class='ocrx_word' id='word_1_287' title='bbox 528 3661 613 3708; x_wconf 75' lang='lat' dir='ltr'><strong>Arriae</strong></span> <span class='ocrx_word' id='word_1_288' title='bbox 624 3677 677 3721; x_wconf 84' lang='lat' dir='ltr'><strong>pars</strong></span> <span class='ocrx_word' id='word_1_289' title='bbox 701 3665 746 3710; x_wconf 80' lang='lat' dir='ltr'><strong>tos.</strong></span> <span class='ocrx_word' id='word_1_290' title='bbox 764 3658 805 3709; x_wconf 79' lang='lat' dir='ltr'><strong>Sat</strong></span> <span class='ocrx_word' id='word_1_291' title='bbox 824 3659 849 3703; x_wconf 85' lang='lat' dir='ltr'><strong>&#39;t.</strong></span> 
     </span>
     <span class='ocr_line' id='line_1_36' title="bbox 141 3716 1236 3791; baseline -0.011 -16"><span class='ocrx_word' id='word_1_292' title='bbox 141 3745 192 3789; x_wconf 79' lang='lat' dir='ltr'><strong>quae</strong></span> <span class='ocrx_word' id='word_1_293' title='bbox 211 3729 235 3774; x_wconf 88' lang='lat' dir='ltr'><strong>in</strong></span> <span class='ocrx_word' id='word_1_294' title='bbox 248 3729 370 3775; x_wconf 86' lang='lat' dir='ltr'><strong>Meridiem</strong></span> <span class='ocrx_word' id='word_1_295' title='bbox 390 3727 502 3780; x_wconf 81' lang='lat' dir='ltr'><strong>excurrit,</strong></span> <span class='ocrx_word' id='word_1_296' title='bbox 518 3727 597 3789; x_wconf 79' lang='lat' dir='ltr'><strong>Syrtes</strong></span> <span class='ocrx_word' id='word_1_297' title='bbox 614 3741 677 3772; x_wconf 86' lang='lat' dir='ltr'><strong>com·</strong></span> <span class='ocrx_word' id='word_1_298' title='bbox 733 3725 790 3772; x_wconf 81' lang='lat'><strong>440.</strong></span> <span class='ocrx_word' id='word_1_299' title='bbox 831 3720 913 3783; x_wconf 64' lang='lat' dir='ltr'><strong>udus]</strong></span> <span class='ocrx_word' id='word_1_300' title='bbox 922 3719 1020 3779; x_wconf 83' lang='lat' dir='ltr'><strong>Pauper.</strong></span> <span class='ocrx_word' id='word_1_301' title='bbox 1033 3716 1118 3765; x_wconf 78' lang='lat' dir='ltr'><strong>Mundi</strong></span> <span class='ocrx_word' id='word_1_302' title='bbox 1128 3716 1236 3791; x_wconf 64' lang='lat' dir='ltr'><strong>domnia]</strong></span> 
     </span>
     <span class='ocr_line' id='line_1_37' title="bbox 140 3781 1236 3853; baseline -0.012 -14"><span class='ocrx_word' id='word_1_303' title='bbox 140 3795 219 3853; x_wconf 75' lang='lat' dir='ltr'><strong>plera,</strong></span> <span class='ocrx_word' id='word_1_304' title='bbox 231 3809 295 3839; x_wconf 84' lang='lat' dir='ltr'><strong>zonae</strong></span> <span class='ocrx_word' id='word_1_305' title='bbox 312 3793 406 3839; x_wconf 81' lang='lat' dir='ltr'><strong>torridae</strong></span> <span class='ocrx_word' id='word_1_306' title='bbox 421 3793 524 3851; x_wconf 77' lang='lat' dir='ltr'><strong>subjecta</strong></span> <span class='ocrx_word' id='word_1_307' title='bbox 535 3796 575 3851; x_wconf 82' lang='lat' dir='ltr'><strong>aut</strong></span> <span class='ocrx_word' id='word_1_308' title='bbox 590 3789 675 3847; x_wconf 82' lang='lat' dir='ltr'><strong>vicina,</strong></span> <span class='ocrx_word' id='word_1_309' title='bbox 702 3787 786 3835; x_wconf 84' lang='lat' dir='ltr'><strong>Praeda</strong></span> <span class='ocrx_word' id='word_1_310' title='bbox 794 3785 895 3835; x_wconf 82' lang='lat' dir='ltr'><strong>omniurn</strong></span> <span class='ocrx_word' id='word_1_311' title='bbox 906 3783 946 3844; x_wconf 87' lang='lat' dir='ltr'><strong>qui</strong></span> <span class='ocrx_word' id='word_1_312' title='bbox 953 3782 1058 3830; x_wconf 78' lang='lat' dir='ltr'><strong>incidunt</strong></span> <span class='ocrx_word' id='word_1_313' title='bbox 1068 3781 1092 3828; x_wconf 89' lang='lat' dir='ltr'><strong>in</strong></span> <span class='ocrx_word' id='word_1_314' title='bbox 1102 3783 1189 3843; x_wconf 74' lang='lat' dir='ltr'><strong>Syrtes.</strong></span> <span class='ocrx_word' id='word_1_315' title='bbox 1202 3781 1236 3826; x_wconf 90' lang='lat' dir='ltr'><strong>dr-</strong></span> 
     </span>
     <span class='ocr_line' id='line_1_38' title="bbox 141 3845 1220 3914; baseline -0.014 -9"><span class='ocrx_word' id='word_1_316' title='bbox 141 3857 198 3905; x_wconf 81' lang='lat' dir='ltr'><strong>aolis</strong></span> <span class='ocrx_word' id='word_1_317' title='bbox 209 3866 267 3904; x_wconf 83' lang='lat' dir='ltr'><strong>aestu</strong></span> <span class='ocrx_word' id='word_1_318' title='bbox 278 3863 368 3914; x_wconf 79' lang='lat' dir='ltr'><strong>exusta,</strong></span> <span class='ocrx_word' id='word_1_319' title='bbox 379 3857 402 3902; x_wconf 88' lang='lat' dir='ltr'><strong>in</strong></span> <span class='ocrx_word' id='word_1_320' title='bbox 413 3863 486 3902; x_wconf 90' lang='lat' dir='ltr'><strong>totum</strong></span> <span class='ocrx_word' id='word_1_321' title='bbox 497 3854 581 3908; x_wconf 80' lang='lat' dir='ltr'><strong>sterilis</strong></span> <span class='ocrx_word' id='word_1_322' title='bbox 592 3861 635 3903; x_wconf 86' lang='lat' dir='ltr'><strong>est.</strong></span> <span class='ocrx_word' id='word_1_323' title='bbox 700 3851 787 3912; x_wconf 85' lang='lat' dir='ltr'><strong>ripiuut</strong></span> <span class='ocrx_word' id='word_1_324' title='bbox 798 3850 857 3897; x_wconf 87' lang='lat' dir='ltr'><strong>enirn</strong></span> <span class='ocrx_word' id='word_1_325' title='bbox 872 3863 943 3897; x_wconf 81' lang='lat' dir='ltr'><strong>naves</strong></span> <span class='ocrx_word' id='word_1_326' title='bbox 960 3855 984 3894; x_wconf 82' lang='lat' dir='ltr'><strong>ct</strong></span> <span class='ocrx_word' id='word_1_327' title='bbox 993 3846 1122 3908; x_wconf 75' lang='lat' dir='ltr'><strong>naufragus.</strong></span> <span class='ocrx_word' id='word_1_328' title='bbox 1139 3845 1220 3906; x_wconf 70' lang='lat' dir='ltr'><strong>salpe.</strong></span> 
     </span>
     <span class='ocr_line' id='line_1_39' title="bbox 174 3902 1236 3983; baseline -0.013 -15"><span class='ocrx_word' id='word_1_329' title='bbox 174 3926 230 3970; x_wconf 79' lang='lat'><strong>431.</strong></span> <span class='ocrx_word' id='word_1_330' title='bbox 250 3920 355 3983; x_wconf 79' lang='lat' dir='ltr'><strong>Vagam]</strong></span> <span class='ocrx_word' id='word_1_331' title='bbox 373 3919 515 3967; x_wconf 78' lang='lat' dir='ltr'><strong>laetabilem.</strong></span> <span class='ocrx_word' id='word_1_332' title='bbox 733 3918 791 3963; x_wconf 87' lang='lat'><strong>441.</strong></span> <span class='ocrx_word' id='word_1_333' title='bbox 808 3913 868 3960; x_wconf 87' lang='lat' dir='ltr'><strong>Nam</strong></span> <span class='ocrx_word' id='word_1_334' title='bbox 888 3913 986 3966; x_wconf 69' lang='lat' dir='ltr'><strong>timarete,</strong></span> <span class='ocrx_word' id='word_1_335' title='bbox 1005 3902 1061 3974; x_wconf 68' lang='lat' dir='ltr'><strong>dac]</strong></span> <span class='ocrx_word' id='word_1_336' title='bbox 1078 3912 1110 3958; x_wconf 88' lang='lat' dir='ltr'><strong>Et</strong></span> <span class='ocrx_word' id='word_1_337' title='bbox 1132 3909 1236 3970; x_wconf 74' lang='lat' dir='ltr'><strong>quamvis</strong></span> 
     </span>
     <span class='ocr_line' id='line_1_40' title="bbox 173 3973 1234 4045; baseline -0.014 -13"><span class='ocrx_word' id='word_1_338' title='bbox 173 3989 229 4033; x_wconf 72' lang='lat'><strong>434.</strong></span> <span class='ocrx_word' id='word_1_339' title='bbox 247 3986 293 4035; x_wconf 78' lang='lat' dir='ltr'><strong>saa</strong></span> <span class='ocrx_word' id='word_1_340' title='bbox 304 3986 372 4032; x_wconf 80' lang='lat' dir='ltr'><strong>nimio</strong></span> <span class='ocrx_word' id='word_1_341' title='bbox 379 3988 477 4045; x_wconf 76' lang='lat' dir='ltr'><strong>projecta</strong></span> <span class='ocrx_word' id='word_1_342' title='bbox 494 3981 551 4045; x_wconf 74' lang='lat' dir='ltr'><strong>die]</strong></span> <span class='ocrx_word' id='word_1_343' title='bbox 568 3983 596 4029; x_wconf 82' lang='lat' dir='ltr'><strong>Iu</strong></span> <span class='ocrx_word' id='word_1_344' title='bbox 607 3983 676 4029; x_wconf 78' lang='lat' dir='ltr'><strong>rneri-</strong></span> <span class='ocrx_word' id='word_1_345' title='bbox 700 3986 783 4040; x_wconf 84' lang='lat' dir='ltr'><strong>portus</strong></span> <span class='ocrx_word' id='word_1_346' title='bbox 805 3985 872 4039; x_wconf 86' lang='lat' dir='ltr'><strong>atque</strong></span> <span class='ocrx_word' id='word_1_347' title='bbox 894 3976 1024 4024; x_wconf 86' lang='lat' dir='ltr'><strong>commercii</strong></span> <span class='ocrx_word' id='word_1_348' title='bbox 1049 3980 1158 4035; x_wconf 78' lang='lat' dir='ltr'><strong>exportes</strong></span> <span class='ocrx_word' id='word_1_349' title='bbox 1175 3973 1234 4026; x_wconf 70' lang='lat' dir='ltr'><strong>sint,</strong></span> 
     </span>
     <span class='ocr_line' id='line_1_41' title="bbox 140 4038 1236 4110; baseline -0.016 -12"><span class='ocrx_word' id='word_1_350' title='bbox 140 4051 202 4098; x_wconf 84' lang='lat' dir='ltr'><strong>diem</strong></span> <span class='ocrx_word' id='word_1_351' title='bbox 209 4058 310 4106; x_wconf 86' lang='lat' dir='ltr'><strong>extenta,</strong></span> <span class='ocrx_word' id='word_1_352' title='bbox 322 4051 361 4110; x_wconf 85' lang='lat' dir='ltr'><strong>qui</strong></span> <span class='ocrx_word' id='word_1_353' title='bbox 369 4049 437 4096; x_wconf 85' lang='lat' dir='ltr'><strong>nimis</strong></span> <span class='ocrx_word' id='word_1_354' title='bbox 448 4049 496 4095; x_wconf 88' lang='lat' dir='ltr'><strong>illic</strong></span> <span class='ocrx_word' id='word_1_355' title='bbox 504 4054 593 4096; x_wconf 77' lang='lat' dir='ltr'><strong>aeatuat.</strong></span> <span class='ocrx_word' id='word_1_356' title='bbox 604 4047 675 4106; x_wconf 74' lang='lat' dir='ltr'><strong>Sulpi.</strong></span> <span class='ocrx_word' id='word_1_357' title='bbox 700 4045 806 4091; x_wconf 84' lang='lat' dir='ltr'><strong>fruuntur</strong></span> <span class='ocrx_word' id='word_1_358' title='bbox 816 4050 891 4090; x_wconf 86' lang='lat' dir='ltr'><strong>tamen</strong></span> <span class='ocrx_word' id='word_1_359' title='bbox 904 4039 1018 4087; x_wconf 82' lang='lat' dir='ltr'><strong>mercibus</strong></span> <span class='ocrx_word' id='word_1_360' title='bbox 1026 4046 1050 4086; x_wconf 90' lang='lat' dir='ltr'><strong>et</strong></span> <span class='ocrx_word' id='word_1_361' title='bbox 1060 4039 1142 4100; x_wconf 82' lang='lat' dir='ltr'><strong>opibus</strong></span> <span class='ocrx_word' id='word_1_362' title='bbox 1150 4038 1178 4084; x_wconf 83' lang='lat' dir='ltr'><strong>ab</strong></span> <span class='ocrx_word' id='word_1_363' title='bbox 1186 4052 1236 4082; x_wconf 87' lang='lat' dir='ltr'><strong>om·</strong></span> 
     </span>
     <span class='ocr_line' id='line_1_42' title="bbox 172 4100 1235 4175; baseline -0.016 -13"><span class='ocrx_word' id='word_1_364' title='bbox 172 4118 228 4164; x_wconf 79' lang='lat'><strong>433.</strong></span> <span class='ocrx_word' id='word_1_365' title='bbox 247 4113 383 4175; x_wconf 79' lang='lat' dir='ltr'><strong>Bacchum]</strong></span> <span class='ocrx_word' id='word_1_366' title='bbox 401 4114 477 4160; x_wconf 81' lang='lat' dir='ltr'><strong>Vites.</strong></span> <span class='ocrx_word' id='word_1_367' title='bbox 700 4110 725 4154; x_wconf 88' lang='lat' dir='ltr'><strong>nl</strong></span> <span class='ocrx_word' id='word_1_368' title='bbox 735 4109 799 4154; x_wconf 85' lang='lat' dir='ltr'><strong>orbis</strong></span> <span class='ocrx_word' id='word_1_369' title='bbox 809 4114 883 4168; x_wconf 87' lang='lat' dir='ltr'><strong>parte,</strong></span> <span class='ocrx_word' id='word_1_370' title='bbox 893 4105 1010 4166; x_wconf 75' lang='lat' dir='ltr'><strong>rapientes</strong></span> <span class='ocrx_word' id='word_1_371' title='bbox 1017 4103 1066 4151; x_wconf 77' lang='lat' dir='ltr'><strong>scil.</strong></span> <span class='ocrx_word' id='word_1_372' title='bbox 1079 4118 1150 4150; x_wconf 80' lang='lat' dir='ltr'><strong>naves</strong></span> <span class='ocrx_word' id='word_1_373' title='bbox 1161 4100 1235 4160; x_wconf 75' lang='lat' dir='ltr'><strong>Syrti-</strong></span> 
     </span>
     <span class='ocr_line' id='line_1_43' title="bbox 173 4172 1049 4242; baseline -0.013 -14"><span class='ocrx_word' id='word_1_374' title='bbox 173 4183 229 4228; x_wconf 78' lang='lat'><strong>434.</strong></span> <span class='ocrx_word' id='word_1_375' title='bbox 247 4178 319 4226; x_wconf 83' lang='lat' dir='ltr'><strong>Nulla</strong></span> <span class='ocrx_word' id='word_1_376' title='bbox 328 4179 403 4239; x_wconf 74' lang='lat' dir='ltr'><strong>putris</strong></span> <span class='ocrx_word' id='word_1_377' title='bbox 418 4179 494 4225; x_wconf 78' lang='lat' dir='ltr'><strong>radice</strong></span> <span class='ocrx_word' id='word_1_378' title='bbox 508 4176 616 4240; x_wconf 70' lang='lat' dir='ltr'><strong>temtum]</strong></span> <span class='ocrx_word' id='word_1_379' title='bbox 633 4175 675 4221; x_wconf 88' lang='lat' dir='ltr'><strong>So·</strong></span> <span class='ocrx_word' id='word_1_380' title='bbox 701 4175 744 4219; x_wconf 78' lang='lat' dir='ltr'><strong>bur</strong></span> <span class='ocrx_word' id='word_1_381' title='bbox 755 4172 839 4220; x_wconf 78' lang='lat' dir='ltr'><strong>allisas.</strong></span> <span class='ocrx_word' id='word_1_382' title='bbox 1044 4231 1049 4242; x_wconf 90' lang='lat'><strong>.</strong></span> 
     </span>
     <span class='ocr_line' id='line_1_44' title="bbox 139 4230 1237 4305; baseline -0.017 -13"><span class='ocrx_word' id='word_1_383' title='bbox 139 4248 188 4292; x_wconf 84' lang='lat' dir='ltr'><strong>luta</strong></span> <span class='ocrx_word' id='word_1_384' title='bbox 200 4245 224 4291; x_wconf 89' lang='lat' dir='ltr'><strong>in</strong></span> <span class='ocrx_word' id='word_1_385' title='bbox 236 4245 363 4305; x_wconf 86' lang='lat' dir='ltr'><strong>pulverem,</strong></span> <span class='ocrx_word' id='word_1_386' title='bbox 374 4258 420 4289; x_wconf 89' lang='lat' dir='ltr'><strong>non</strong></span> <span class='ocrx_word' id='word_1_387' title='bbox 431 4244 500 4289; x_wconf 89' lang='lat' dir='ltr'><strong>habet</strong></span> <span class='ocrx_word' id='word_1_388' title='bbox 508 4243 609 4288; x_wconf 82' lang='lat' dir='ltr'><strong>arbores.</strong></span> <span class='ocrx_word' id='word_1_389' title='bbox 695 4291 698 4295; x_wconf 18' lang='lat'><strong>¹</strong></span> <span class='ocrx_word' id='word_1_390' title='bbox 733 4240 790 4301; x_wconf 72' lang='lat'><strong>444.</strong></span> <span class='ocrx_word' id='word_1_391' title='bbox 807 4234 915 4298; x_wconf 69' lang='lat' dir='ltr'><strong>Herem]</strong></span> <span class='ocrx_word' id='word_1_392' title='bbox 925 4233 1019 4282; x_wconf 84' lang='lat' dir='ltr'><strong>Habere</strong></span> <span class='ocrx_word' id='word_1_393' title='bbox 1027 4231 1134 4278; x_wconf 84' lang='lat' dir='ltr'><strong>vrdentur</strong></span> <span class='ocrx_word' id='word_1_394' title='bbox 1144 4230 1237 4298; x_wconf 80' lang='lat' dir='ltr'><strong>obuen-</strong></span> 
     </span>
    </p>
   </div>
   <div class='ocr_carea' id='block_1_5' title="bbox 173 4301 780 4372">
    <p class='ocr_par' dir='ltr' id='par_1_14' title="bbox 173 4301 780 4372">
     <span class='ocr_line' id='line_1_45' title="bbox 173 4301 780 4372; baseline -0.013 -15"><span class='ocrx_word' id='word_1_395' title='bbox 173 4311 229 4358; x_wconf 85' lang='grc'>436.</span> <span class='ocrx_word' id='word_1_396' title='bbox 245 4308 377 4358; x_wconf 71' lang='lat' dir='ltr'><strong>Jamterra</strong></span> <span class='ocrx_word' id='word_1_397' title='bbox 387 4308 439 4372; x_wconf 78' lang='lat' dir='ltr'><strong>est]</strong></span> <span class='ocrx_word' id='word_1_398' title='bbox 457 4307 517 4357; x_wconf 79' lang='lat' dir='ltr'><strong>Coeli</strong></span> <span class='ocrx_word' id='word_1_399' title='bbox 534 4312 557 4353; x_wconf 87' lang='lat' dir='ltr'><strong>et</strong></span> <span class='ocrx_word' id='word_1_400' title='bbox 567 4303 676 4363; x_wconf 76' lang='lat' dir='ltr'><strong>aerheris3</strong></span> <span class='ocrx_word' id='word_1_401' title='bbox 701 4301 780 4363; x_wconf 78' lang='lat' dir='ltr'><strong>fragia.</strong></span> 
     </span>
    </p>
   </div>
   <div class='ocr_carea' id='block_1_6' title="bbox 0 0 1396 4860">
    <p class='ocr_par' dir='ltr' id='par_1_15' title="bbox 0 0 1396 4860">
     <span class='ocr_line' id='line_1_46' title="bbox 0 0 1396 4860; baseline 0 3"><span class='ocrx_word' id='word_1_402' title='bbox 0 0 1396 4860; x_wconf 95' lang='lat' dir='ltr'><strong> </strong></span> 
     </span>
    </p>
   </div>
  </div>
 </body>
</html>
