2784 4860
257 389 262 394 -
348 359 569 434 eruitis
614 362 791 436 nnnnr
835 334 949 438 nrnss
983 374 1027 439 v.
1180 376 1247 442 roo

142 537 198 606 Fit
212 541 340 606 saturni
365 541 497 606 Forsan
510 543 606 606 terris
621 543 749 608 inserta
761 538 933 627 regendis,

140 653 230 716 Aere
244 653 403 717 libratum
417 643 528 722 vacuo
544 672 623 736 quae
651 654 795 741 sustinet
812 656 938 733 orbem,

137 753 261 826 Totius
276 782 356 846 pars
371 782 493 846 magna
512 763 536 827 J
538 764 612 829 ovis
630 763 781 829 Cirrhaca
794 785 855 847 per
870 769 966 831 antra
984 763 987 767 ’

138 865 232 950 Exit,
248 878 283 936 ct
297 873 436 937 aetherio
452 873 592 938 trahitur
608 861 766 940 connexa
776 874 939 938 Tonanti.
964 868 967 873 ’

139 981 221 1046 Ηοο
240 983 299 1046 ubi
313 970 465 1066 virgineo
482 990 687 1069 conceptum
706 991 758 1050 est
772 991 911 1069 pectore
933 989 1069 1064 numen,

139 1091 336 1158 Humanam
350 1093 474 1158 feriens
491 1095 637 1160 animam
652 1101 763 1172 sonat,
779 1114 905 1179 oraque
919 1098 1009 1163 vatis

138 1201 262 1279 Solvit,
279 1223 342 1267 ceu
357 1203 494 1269 Siculus
509 1205 654 1270 flammis
670 1208 866 1292 urgentibus
885 1208 1025 1272 AEtnam

139 1311 256 1378 Undat
270 1334 380 1398 apex:
405 1314 582 1400 Campana
596 1305 743 1381 fremens
759 1336 823 1380 ceu
833 1329 931 1381 'saxa
944 1325 1089 1402 vaporat
1173 1321 1243 1394 ltu

141 1421 307 1490 Conditus
323 1424 488 1491 Inarimes
504 1431 631 1492 aeterna
645 1427 735 1491 mole
755 1426 945 1510 Typhoeos.

182 1533 264 1598 Hoc
279 1520 392 1626 tamen
409 1537 605 1620 expositum
621 1535 766 1613 cunctis,
788 1536 939 1620 nullique
954 1542 1113 1621 negatum
1179 1581 1186 1586 -
1274 1527 1276 1532 ⁸

139 1641 175 1708 N
175 1664 288 1722 umen,
304 1647 347 1709 ab
363 1645 501 1711 humani
517 1647 628 1711 solum
644 1666 681 1711 se
696 1646 775 1709 labe
789 1645 914 1711 furoris

129 1747 312 1819 Vindicat.
333 1756 426 1821 haud
440 1759 511 1822 illic
526 1759 631 1823 tacito
647 1757 740 1821 mala
752 1762 835 1821 vota
850 1777 989 1823 susurro
1089 1776 1091 1780 ⁴

139 1854 355 1949 Concipirmt.
368 1887 450 1932 nam
470 1869 541 1933 fixa
560 1858 699 1942 canens,
714 1866 944 1951 mutandaque
958 1868 1045 1932 nulli
1111 1946 1114 1950 Α
1171 1870 1242 1935 loa

141 1972 306 2039 Mortales
322 1982 440 2060 optare
455 1963 578 2043 vetatt'
584 1979 756 2063 justisque
772 1977 937 2060 benignus

142 2082 246 2168 Saepe
263 2085 357 2152 dedit
371 2089 487 2153 sedem
500 2094 589 2154 totas
606 2073 818 2151 'mutantibus
832 2089 949 2165 urbes·
1042 2097 1045 2102 '

219 2257 252 2304 94
260 2271 332 2317 quern.
427 2260 555 2313 9ficoneso,
571 2274 669 2306 consero.
768 2260 816 2305 104
829 2254 941 2306 Vendieot.
1045 2260 1093 2307 104
1103 2257 1158 2304 utta

512 2325 560 2370 107
570 2324 640 2369 sedem
651 2329 718 2379 tutos,
730 2321 788 2368 sedes
797 2329 866 2369 notas

139 2455 187 2502 lunt
200 2457 264 2517 qnod
275 2458 340 2504 Dens
349 2460 410 2507 tatus
419 2467 462 2516 est,
471 2461 498 2506 id
509 2461 675 2518 est,.decrevit,
703 2457 821 2523 Vaporem]
845 2460 950 2506 Allrrsum
968 2459 997 2506 ad
1013 2457 1095 2507 nornen
1109 2461 1236 2522 Typhonis,

139 2522 266 2569 constitnit.
700 2524 778 2581 idest,
791 2525 901 2584 procellae
919 2524 1107 2585 conflagmtiones
1122 2527 1236 2586 ejusmodi

171 2588 212 2633 93.
231 2586 314 2633 Forsan
324 2589 391 2634 terris
405 2587 489 2634 tosa-ta
502 2588 625 2653 regendis]
638 2589 675 2634 An
701 2589 869 2634 succendentis.

138 2651 197 2697 forte
207 2650 301 2696 densior
311 2652 388 2713 'aliqua
403 2659 427 2699 et
441 2653 559 2713 potentior
570 2668 624 2712 pars
639 2653 673 2698 in·
733 2656 788 2699 101.
805 2650 917 2698 Inarimes
932 2659 1014 2698 merae
1031 2651 1086 2698 mole
1104 2650 1235 2717 Tyrrhena]

138 2722 173 2761 est
192 2715 328 2775 expiratque
346 2733 379 2764 ex.
396 2717 440 2763 hoc
459 2724 525 2763 antro
549 2717 672 2778 Delphico,
700 2716 813 2762 Inarimen
831 2715 919 2776 primus
937 2716 1000 2763 dixit
1015 2716 1127 2777 Virgilius
1142 2718 1171 2762 ab
1182 2716 1234 2762 Ho-

138 2778 241 2826 eoelestis
248 2778 400 2828 illiusmentis
412 2788 435 2828 et
446 2781 527 2828 animae
536 2781 615 2828 mundi
622 2796 673 2841 quae
698 2781 755 2827 meri
770 2779 800 2832 rie
822 2777 911 2843 ἇςίμως.
934 2781 990 2826 vide
1007 2795 1058 2841 qnae
1076 2796 1119 2826 nos
1138 2781 1231 2828 adSen.

133 2843 248 2894 infusam
264 2861 343 2892 ornnes
354 2845 434 2892 mnndi
445 2852 523 2904 partes
535 2861 586 2893 enm
595 2845 673 2902 lihrat,
698 2844 794 2904 Thyest.
811 2860 845 2891 vs.
859 2846 917 2893 807.
933 2851 956 2890 et
967 2845 1082 2906 Erythraei
1092 2845 1192 2893 indicem
1201 2847 1233 2893 ad

138 2907 208 2969 regit,
225 2908 299 2966 fovet,
314 2911 463 2972 vegetatque?
488 2908 561 2957 Deum
579 2909 673 2970 amnone
698 2909 894 2959 illudaAEneid.
909 2907 1085 2970 Virg.1oorime
1096 2909 1157 2958 Jova
1166 2906 1233 2972 impe·

137 2973 171 3019 tre
187 2987 230 3033 per
245 2989 318 3022 omnes
334 2973 455 3037 Terraeque
467 2983 595 3036 nactusque
605 2975 674 3021 maris
698 2975 739 3021 riis
750 2974 839 3034 imposta
849 2972 966 3036 Tyrrheno..
1206 2996 1207 3003 ¹

139 3036 259 3099 cetumque
266 3039 411 3103 metandum.
423 3043 446 3086 4.
455 3041 540 3100 Geor'g.
553 3048 577 3086 et
588 3039 672 3086 6-AEn.
732 3040 786 3084 302.
805 3037 854 3085 Hoc
864 3045 937 3085 tamen
954 3037 1094 3100 expositum]
1112 3039 1165 3085 Hoc
1182 3054 1232 3086 ora·

138 3100 204 3162 virg.
220 3101 318 3164 Spiritus
329 3104 391 3151 intas
401 3105 452 3159 ulit,
466 3102 509 3153 &a
521 3103 619 3150 videus.
630 3107 670 3152 89.
698 3103 784 3159 culum,
800 3101 882 3164 inquit,
899 3103 1004 3150 omnibus
1015 3104 1151 3150 mortalibus
1160 3110 1233 3163 patet,

138 3163 179 3211 lib.
189 3169 213 3214 1.
699 3174 722 3212 et
732 3165 902 3214 consulentibus
914 3168 962 3215 sine
970 3166 1102 3214 discrimine
1111 3168 1140 3214 de
1148 3168 1232 3214 intruis

148 3238 150 3241 '
171 3233 210 3280 95.
229 3230 351 3292 Cirrhaea]
374 3231 469 3279 Ohirrha
484 3249 538 3295 opp.
556 3232 675 3280 Phocidos
697 3232 864 3291 respondetur3
880 3232 922 3279 sed
945 3231 1012 3292 plane
1029 3231 1173 3293 aenigmatice
1194 3232 1233 3279 vel

139 3295 199 3342 haud
210 3296 292 3356 procul
303 3312 317 3342 a
329 3296 435 3357 Delphis.
698 3293 904 3357 amphibologiam.
922 3295 1026 3343 Hortaris.

170 3361 210 3409 96.
227 3359 329 3406 AEtlterio
348 3359 457 3416 entitur,
475 3359 531 3424 dra]
560 3362 618 3410 Gnrn
636 3377 672 3408 su·
731 3364 786 3408 103.
803 3359 837 3406 At
855 3360 956 3415 hamoni,
976 3359 1032 3423 &c.]
1058 3359 1113 3406 Non
1131 3356 1233 3406 admittit

139 3423 229 3487 periore
246 3423 287 3471 illo
306 3439 358 3471 aere
373 3424 428 3482 coit,
443 3432 466 3472 et
479 3426 551 3473 menti
564 3425 674 3474 diviniori
698 3431 752 3472 vota
769 3423 848 3485 impia.
870 3438 916 3490 non
935 3425 964 3471 ad
986 3422 1080 3485 gratiam
1098 3423 1137 3469 vel
1152 3423 1232 3471 odium

138 3495 256 3537 consonat.
697 3489 808 3549 precibus
815 3495 855 3534 aut
865 3489 996 3535 muneribus
1008 3486 1167 3549 corrumpitur.

150 3560 152 3564 ’
171 3554 211 3602 97.
229 3551 329 3601 Horati
343 3553 463 3616 virginea]
481 3553 535 3601 Hoc
553 3554 675 3616 igitnran3
732 3556 786 3600 104.
804 3551 877 3600 Haud
887 3552 941 3609 illic,
950 3551 1006 3615 dra]
1025 3550 1174 3611 Murmurqae
1188 3549 1232 3596 lus-
1265 3559 1268 3562 ·

140 3623 177 3664 tro
187 3617 271 3678 Pythia
286 3625 393 3678 coneptu
404 3618 483 3668 divino
497 3621 590 3677 furore;
606 3632 673 3679 quem
689 3617 800 3679 *mihipte
809 3631 912 3664 sasamon
927 3616 1011 3664 Tollere
1026 3616 1053 3662 de
1070 3614 1155 3678 templu
1169 3627 1234 3662 men·

139 3689 275 3743 conceptum
288 3698 370 3730 numen
379 3689 454 3737 vocat,
465 3699 547 3744 magno
558 3684 627 3729 boatu
637 3698 673 3728 re·
698 3682 745 3729 dat.
757 3683 822 3729 Pers.
833 3683 856 3727 2.
868 3681 916 3728 Sat.

139 3761 225 3808 sponsa
239 3747 332 3807 emugit.
350 3749 431 3807 Ipsum
442 3747 523 3810 inquit,
539 3762 635 3803 numen,
646 3762 673 3793 os
732 3749 786 3794 105.
805 3743 918 3807 Nomflro
928 3758 1017 3800 canens,
1028 3741 1085 3807 dra]
1102 3743 1161 3807 Cura
1171 3742 1232 3790 enim

138 3811 200 3858 vatis
213 3810 288 3858 solvit.
306 3812 365 3858 'l'nm
382 3811 472 3858 duabus
483 3811 673 3859 similitudinibus
698 3810 744 3858 iata
755 3813 831 3858 Deum
849 3816 915 3856 canat
926 3813 990 3855 oeno
1007 3813 1031 3854 et
1046 3808 1129 3855 mutari
1143 3807 1233 3862 nescia,

138 3875 278 3924 horrendum
295 3876 361 3921 illum
376 3891 458 3924 sonum
472 3885 496 3925 et
507 3876 673 3924 vehementiam
698 3876 781 3933 frustra
801 3879 886 3921 voveat
905 3872 957 3935 quis
978 3873 1027 3918 haec
1045 3873 1129 3918 mutari
1152 3886 1232 3932 posse.

140 3940 272 4001 amplificat.
289 3939 429 3987 Hortensius.
700 3939 781 3986 Deeiae
806 3947 846 3986 ata
857 3936 1000 4000 Deumflecti
1014 3950 1103 3997 eperum
1112 3936 1232 3997 pearata

172 4010 219 4055 99.
229 4004 276 4052 Ceu
284 4004 379 4061 Siculae,
390 4003 446 4068 dra]
464 4004 542 4052 Veluti
553 4007 629 4053 AEtnae
636 4003 678 4069 δί·ἰ
699 4003 766 4065 Virg.
809 4003 870 4049 naid.
882 4006 905 4050 6.

139 4069 198 4116 aula
209 4085 317 4117 cacumen
327 4071 413 4117 fumum
424 4071 547 4117 undantem
556 4069 650 4117 evomit.
731 4071 787 4128 106.
804 4064 939 4130 Benignita]
956 4065 1022 4111 Deus
1032 4064 1124 4125 Apollo.

171 4137 227 4183 100.
247 4133 402 4200 Uadotopes]
413 4136 527 4182 cacumen
536 4135 622 4190 sumum
632 4149 673 4180 nn·
732 4135 787 4180 107.
805 4131 871 4179 Totos
879 4130 1019 4177 mummibrm
1027 4127 1111 4204 urben]
1123 4126 1231 4202 Quintiis

139 4197 232 4246 dentem
249 4198 348 4246 edirndit
366 4200 389 4248 in
401 4199 505 4246 sublime.
522 4199 590 4247 Hori.
609 4198 673 4245 Cone·
698 4197 796 4246 cittotoe
805 4197 955 4243 motantibus:
971 4195 1003 4240 de
1016 4193 1175 4248 Phoemcibrm,
1192 4207 1232 4252 qur

136 4263 311 4328 porrofremeae
329 4265 461 4328 censura]
494 4265 544 4310 Cen
564 4262 672 4319 Inarime,
698 4271 765 4309 terroe
774 4268 837 4308 motu
848 4259 926 4308 vexati
937 4258 1019 4306 relicto
1032 4257 1183 4333 patriasolo,
1196 4255 1233 4301 Si·

139 4327 242 4384 AEnaria
259 4328 384 4376 Pithecusa
394 4327 470 4378 ischia
485 4328 560 4375 insula
570 4329 593 4375 in
603 4327 672 4375 litore
698 4329 765 4384 dona,
781 4327 842 4373 unde
858 4332 940 4384 postea
958 4338 972 4370 a
990 4336 1045 4384 rege
1056 4322 1233 4376 ascaloniarum

138 4392 255 4454 Campano
262 4393 671 4457 superjecte'lyphoeoetinnditsaxa.
696 4391 767 4456 pulsi,
778 4392 856 4452 llyron
872 4387 1005 4444 condidere,
1022 4385 1128 4447 intelligo
1144 4384 1232 4446 potius,
1277 4456 1283 4465 Ι
