2784 4860
370 349 604 426 elvrms:
640 352 818 422 ΒΗΜΛ
863 351 976 422 uls.
1023 351 1075 422 11.
1215 349 1264 420 89

154 533 188 597 Ο
204 532 373 599 scelerum
387 528 536 608 ultores„
553 530 763 613 melioraque
779 531 878 612 signa
892 529 1022 596 secuti:

154 643 187 707 Ο
203 663 283 708 vere
299 641 460 707 Romana
472 660 614 705 manus:
638 641 763 724 quibus
780 661 875 705 arma
889 641 1036 724 Senatus

155 751 193 818 N
195 773 240 817 on
254 754 390 835 privata
405 752 509 829 dedit,
530 753 622 816 votis
637 750 815 834 deposcite
836 773 998 836 pugnam.

151 861 285 936 Ardent
300 863 465 947 Hesperii
480 863 585 927 saevis
600 863 824 946 populatibus
839 864 927 944 agri:
1248 926 1251 931 ⁴
1292 939 1293 944 γ

153 973 294 1050 Gallice
309 995 370 1057 per
385 973 517 1054 gelidas
532 973 646 1037 rabies
662 973 843 1038 effunditur
857 974 987 1057 Alpes:
1194 969 1259 1054 ⁶39

150 1084 174 1148 J
177 1104 233 1150 am
247 1086 358 1167 tetigit
373 1085 512 1167 sangnis
527 1085 679 1167 pollutos
696 1083 844 1150 Caesaris
860 1104 972 1150 enses.
1230 1062 1232 1066 Α

151 1195 213 1260 Dii
227 1195 363 1273 melius,
377 1195 460 1259 belli
474 1196 613 1260 tulimus
631 1196 725 1278 quod
741 1196 865 1261 damna
880 1196 1031 1279 priores:

151 1305 306 1391 Coeperit
320 1307 399 1395 inde
414 1307 523 1371 nefas.
536 1307 680 1391 jamjam
696 1328 750 1371 me
776 1308 923 1390 praeside
939 1307 1054 1372 Roma

149 1401 380 1503 Supplicium,
396 1439 604 1502 poenamque
619 1425 724 1502 petat.
740 1439 850 1502 neque
866 1420 956 1482 enim
971 1419 1038 1482 ista
1054 1415 1170 1483 vocari
1250 1426 1252 1428 ’

151 1529 283 1594 Proelia
294 1531 391 1614 justa
405 1532 514 1607 decet,
529 1531 650 1614 patriae
667 1530 728 1595 sed
742 1530 890 1596 vindicis
905 1531 1001 1594 iram.
1189 1525 1255 1590 sto
1306 1555 1308 1559 ·

149 1643 228 1709 Nec
244 1647 353 1727 magis
368 1646 434 1710 hoc
450 1646 578 1709 bellum
593 1651 656 1722 est,
673 1665 777 1728 quam
792 1665 871 1710 cum
886 1643 1036 1708 Catilina
1049 1641 1184 1726 paravit
1246 1650 1248 1655 '
1296 1637 1298 1641 ’

150 1753 300 1820 Arsuras
315 1758 351 1819 in
366 1762 458 1822 tecta
472 1757 580 1832 faceS,
597 1758 781 1840 sociusque
796 1756 920 1821 furoris

149 1866 327 1945 Lentulus
344 1869 519 1951 exertique
534 1888 656 1932 manus
671 1887 801 1931 vesana
812 1851 965 1948 Cethegi.

148 1977 178 2040 0
194 1979 308 2042 rabies
323 1978 518 2042 miseranda
532 1976 649 2040 ducis!
673 1997 752 2041 cum
766 1975 840 2040 fata
856 1963 1014 2040 Camillis

212 2153 262 2202 ⁵34
269 2151 436 2212 populantibus.
656 2151 705 2198 539
714 2149 777 2210 petit.
1004 2151 1051 2198 541
1063 2147 1117 2196 Heu
1124 2145 1185 2215 arag.

262 2217 422 2276 stiparetur.
578 2216 821 2267 bdiuitectarisceu.
976 2215 1140 2264 ommam

180 2383 237 2430 531.
256 2378 417 2442 Osceierum]
435 2378 543 2439 Pompeii
552 2378 627 2427 oratio
639 2387 688 2426 tota
744 2384 799 2429 541.
818 2379 875 2426 Cum
897 2377 1004 2435 cattia,
1025 2379 1081 2442 δια]
1115 2377 1251 2440 Coujurstio

146 2444 171 2492 iu
178 2445 376 2493 demonstratione
385 2452 497 2492 versatur.
504 2445 575 2491 babet
582 2444 644 2491 enim
651 2444 687 2491 ri·
711 2442 752 2491 ills
763 2444 820 2491 satis
831 2452 885 2490 note
895 2445 932 2490 vei
944 2444 1023 2504 pueris
1033 2460 1064 2492 ex
1075 2443 1184 2491 Salustio.

146 2511 315 2572 superationem
331 2519 355 2557 et
372 2511 464 2557 laudem
482 2524 640 2569 personarum,
663 2515 687 2556 et
743 2512 799 2558 543.
818 2508 1025 2580 &appamenus
1041 2524 1119 2556 nesam
1136 2505 1249 2572 Cethegi]

146 2576 243 2637 quidem
258 2577 353 2634 erebus
365 2576 446 2637 gestis.
465 2573 570 2621 Exordio
586 2576 687 2622 benevo·
710 2573 774 2620 Alibi
785 2575 990 2634 nudumappellat.
1007 2576 1061 2634 Quo
1069 2575 1121 2621 loco
1131 2579 1195 2620 recte
1208 2589 1249 2621 no·

145 2641 240 2689 lentiam
264 2648 349 2699 captat,
374 2656 416 2700 per
435 2639 648 2686 Exclamationem:
672 2655 686 2686 a
710 2640 769 2686 tavit
780 2639 902 2702 Sulpitius‚
918 2646 1016 2686 exertum
1027 2655 1078 2686 eum
1091 2639 1146 2693 dici,
1156 2638 1197 2700 qui
1208 2639 1249 2685 ha·

145 2706 233 2768 pietate
244 2705 343 2752 militum
354 2720 409 2766 erga
425 2720 489 2751 suam
505 2704 607 2766 patriam.
627 2703 686 2750 Hor·
711 2705 751 2750 bet
762 2705 881 2750 humerum
893 2711 917 2751 et
928 2703 1045 2750 brachium
1057 2705 1166 2750 dextrum
1175 2704 1248 2751 aad&

146 2779 200 2818 tens.
218 2771 330 2817 Scelerum
340 2769 442 2831 ultores]
461 2769 686 2833 Armorumirnpiea
709 2776 766 2814 turn.
796 2769 848 2816 Etsi
859 2769 979 2815 brachium
997 2769 1114 2830 porrigere
1130 2776 1199 2814 extra
1212 2775 1248 2815 to-

146 2838 206 2884 Caes.
217 2837 301 2897 patrioe
318 2834 442 2882 illatorum.
459 2843 485 2881 ut
501 2849 556 2880 mox
574 2850 610 2880 vs.
628 2836 685 2882 539.
709 2841 948 2893 gamvetereseuerere
958 2833 1248 2884 etecmumbrachiumdi·

145 2899 283 2962 Melinaque
293 2901 358 2962 signu
375 2899 466 2962 secum]
484 2902 528 2946 Pro
544 2899 625 2957 patria,
641 2901 685 2945 sub
709 2907 801 2944 carent:
818 2906 900 2946 euertm
911 2906 986 2945 tamen
994 2899 1088 2960 proprie
1097 2914 1137 2945 eos
1146 2897 1248 2961 appella·

144 2966 229 3028 quibus
241 2966 342 3012 militant
353 2967 419 3012 coa.
431 2973 455 3012 et
466 2965 570 3011 Senatus.
708 2971 770 3017 runt,
781 2963 822 3024 qui
834 2964 885 3010 siue
897 2963 983 3018 tunica,
996 2965 1104 3024 nudoque
1115 2964 1211 3010 bumero
1222 2969 1247 3010 et

177 3034 234 3080 532.
256 3031 354 3076 Rcrrrunu
373 3029 473 3092 murina]
497 3027 626 3076 Libertatis
643 3044 684 3090 pa·
707 3026 802 3074 brachio
815 3037 883 3076 extra
896 3036 972 3089 togam
984 3036 1093 3089 porrecto
1104 3029 1245 3077 incederent.

143 3096 196 3144 triae
207 3096 321 3145 dudiosa.
708 3093 762 3139 Hoc
772 3093 926 3154 Cethegorum
936 3094 1052 3153 peculiare
1060 3109 1087 3139 ao
1095 3092 1245 3154 gentiletus·
1334 3141 1337 3147 ,

175 3163 233 3210 553.
253 3158 303 3206 Nou
320 3161 408 3220 privata
427 3158 507 3222 dedit]
529 3159 565 3206 Ut
584 3158 683 3204 Caesaris
707 3158 968 3220 sescriptoresdocept.
979 3167 1006 3205 ut
1018 3167 1042 3206 et
1055 3160 1138 3205 Horat.
1155 3157 1197 3205 lib.
1214 3158 1246 3204 de

142 3233 203 3277 sunt
227 3222 284 3272 Votis
294 3226 399 3285 deposcite
407 3221 528 3288 pogrrara]
546 3221 624 3270 Alaori
635 3223 683 3268 sui-
706 3223 763 3269 Arte
776 3231 840 3283 poet.
857 3217 953 3286 Fingere
963 3224 1068 3270 cinctutis
1084 3223 1246 3273 ramalia

142 3307 182 3338 mo
194 3298 278 3338 etcum
288 3289 450 3336 acclamatione
459 3288 548 3350 poscite
557 3287 682 3349 signadari
707 3287 815 3351 Cethegis.
834 3287 935 3336 Cirrctuti
946 3290 1061 3343 dicuutur,
1073 3289 1135 3348 quod
1144 3288 1196 3334 loco
1207 3296 1246 3335 tu·

122 3382 125 3387 ·
142 3356 209 3410 belli,
221 3355 282 3400 infra
295 3372 327 3400 vs.
339 3357 395 3402 599.
706 3352 764 3398 uicae
774 3353 876 3400 cinctum
887 3360 1012 3415 gestarent,
1024 3355 1067 3400 hoo
1081 3359 1124 3409 est,
1141 3352 1243 3414 subliga-
1258 3391 1259 3394 ,

176 3423 235 3472 534.
254 3419 339 3466 Ardent
359 3418 468 3480 Hesperii,
486 3417 543 3480 δια]
565 3416 638 3462 Ferro
658 3424 682 3463 et
706 3418 792 3474 culum,
803 3418 854 3465 sive
865 3427 1002 3478 campestra,
1013 3418 1074 3479 quod
1093 3418 1154 3466 solas
1164 3424 1244 3478 partes

143 3487 235 3533 damma
253 3490 355 3530 vastatur
372 3484 447 3539 ltalia,
464 3482 595 3530 furibundis
608 3481 681 3528 Gallis
705 3482 765 3528 infra
775 3492 856 3543 pectus
866 3484 968 3530 velabat.
984 3482 1109 3530 Ferrarius.
1122 3481 1244 3545 Erertique

144 3566 159 3597 ι
170 3552 262 3598 Caesare
273 3549 390 3595 immissis.
704 3563 792 3602 rannus,
804 3547 860 3609 δια]
871 3548 970 3608 Antiqui
978 3549 1077 3609 Cethegi
1086 3546 1174 3612 (iuquit
1183 3548 1243 3595 ‘rur-

173 3619 231 3665 536.
247 3614 301 3660 Jam
315 3615 395 3676 tetigit,
415 3609 471 3675 dra]
489 3615 520 3660 Et
533 3615 582 3674 jem
602 3612 681 3659 Caesar
705 3615 779 3659 nebus
789 3613 830 3658 lib.
843 3615 882 3660 19.
900 3613 954 3659 adr.
973 3627 1023 3672 csp.
1042 3611 1079 3674 9.)
1097 3613 1185 3659 tunicas
1195 3627 1242 3660 uon

143 3681 255 3741 sauguine
266 3679 350 3726 imbuis
363 3677 455 3725 bellam.
706 3679 824 3738 gerebant,
836 3677 877 3723 sed
886 3678 1015 3738 protnnica
1024 3677 1124 3724 cinctum
1134 3677 1170 3724 vel
1180 3693 1243 3725 carn·

176 3748 234 3795 537.
252 3744 294 3790 Dii
302 3745 386 3799 meiius,
398 3741 454 3804 dra]
475 3742 527 3788 niis
536 3742 617 3804 grstia,
629 3742 680 3804 qui·
703 3750 782 3802 pectre
797 3744 827 3789 ab
837 3742 949 3789 umbilico
959 3743 988 3789 ad
999 3744 1081 3802 pedes,
1091 3743 1180 3804 reliquo
1191 3757 1243 3790 our·

141 3812 186 3856 bus
196 3809 292 3871 placuit,
304 3808 679 3868 aCoesarepotiusqnamsnobis
703 3822 760 3867 pore
771 3815 853 3854 exerto
864 3815 889 3854 et
901 3808 970 3854 nudo.
987 3807 1050 3855 unde
1066 3815 1122 3869 toga
1140 3807 1166 3854 iu
1182 3808 1241 3855 urbe

140 3875 234 3923 initium
244 3890 328 3933 capere
339 3873 426 3920 nefaria
437 3875 486 3919 brec
498 3873 565 3920 bella.
704 3872 760 3918 tecti
779 3873 855 3920 nudos
872 3873 999 3920 exerebant
1017 3872 1124 3920 lacertos.
1154 3873 1241 3920 Horat.

174 3943 229 3990 539.
249 3937 326 3999 Neque
342 3939 408 3984 nium
425 3939 474 3992 bic,
488 3936 545 3998 dra]
564 3939 621 3983 Rem
637 3938 678 3983 ho·
703 3936 769 3999 epist.
780 3937 1034 3994 sapientissimam
1043 3937 1151 4001 Cethegis.
1161 3943 1241 3986 omar

142 4003 337 4059 nestorocabulo
353 4010 377 4050 et
388 4002 506 4064 plausibili
517 4002 636 4062 appellat;
653 4009 678 4048 ut
702 4001 762 4049 infra
777 4001 838 4049 libro
850 4008 873 4053 6.
894 4020 927 4050 vs.
946 4007 1002 4052 794.
1020 4003 1119 4064 nudique
1138 4001 1246 4066 Cethegi.-

139 4069 240 4118 militum
250 4069 340 4115 animos
350 4069 424 4129 magis
435 4068 554 4122 accendat,
562 4073 587 4113 et
596 4067 678 4113 alacri·
702 4066 774 4114 Silius
793 4067 845 4115 ltal.
863 4066 912 4130 Ipse
931 4067 1021 4116 huroero
1043 4076 1129 4115 merrus
1148 4069 1246 4132 gentiiis,

140 4151 193 4182 ores
203 4137 231 4182 ad
243 4133 371 4180 vindictam
382 4133 471 4180 reddat.
485 4134 516 4180 Et
525 4134 555 4178 ab
563 4133 677 4191 exemplis
701 4147 767 4179 mere.

139 4200 251 4255 mandit,
269 4213 317 4245 nou
333 4198 418 4245 debere
435 4198 479 4244 hoc
495 4204 611 4244 certamen
628 4213 678 4243 sus·
734 4200 791 4244 544.
809 4195 933 4259 Gratias]
945 4195 1238 4249 Perexclamationemex·

139 4272 232 4328 mptum
239 4261 588 4314 sonnanefarioscivesbeiiurn
598 4262 678 4322 appel·
702 4263 786 4324 emplis
792 4263 902 4319 ostendit,
908 4265 1169 4323 Gaesarempraepostere
1176 4276 1238 4308 suru-

138 4329 200 4388 liri3
217 4329 258 4377 sed
272 4328 492 4392 potiuscorpsrutia
508 4325 678 4386 utillacatili·
702 4327 855 4376 mosrirosin
863 4327 953 4390 republ.
963 4325 1164 4389 imitari3quiuon
1173 4340 1243 4378 even·¹
1271 4372 1275 4378 „

140 4394 214 4444 uaris.
231 4391 335 4442 Hancne.
702 4399 759 4451 tere,
775 4393 816 4440 sed
827 4396 965 4441 conservare
978 4391 1076 4455 patriam
1091 4391 1244 4450 studuerunt.
