2784 4860
143 350 210 421 mo
404 352 455 420 Μ.
499 350 711 422 ANNAEI
755 351 988 425 nucum

146 530 177 609 0
192 530 318 608 miseri,
335 546 479 613 quorum
494 529 639 611 gemitus
654 529 753 594 edere
768 530 932 609 dolorem,
1022 524 1025 529 ’

146 638 217 720 Qui
232 646 266 704 te
281 658 350 702 non
365 639 468 722 pleno
483 640 609 722 pariter
623 640 787 722 planxere
801 632 948 707 theatro}

144 749 287 817 Vicerat
297 756 390 814 astra
399 750 513 834 jubar,
531 769 608 814 curn
623 751 726 814 misto
741 744 909 814 murmure
923 750 1023 816 turha
1209 752 1255 815 45

146 860 341 928 Castrorum
355 860 500 937 fremuit,
515 859 663 943 fatisque
677 860 887 925 trahentibus
902 861 1031 943 orbem,
1191 852 1194 857 ’

146 971 253 1056 Signa
267 972 352 1055 petit
366 988 501 1055 pugnae.
518 970 633 1035 miseri
652 990 732 1054 pars
746 972 899 1037 maximo
911 971 1006 1055 vulgi
1141 950 1181 1017 υἷ’·
1196 994 1238 1021 :aa

147 1078 229 1148 Non
243 1087 351 1146 totum
364 1081 480 1144 visuro
494 1080 595 1156 diem,
613 1080 759 1144 tentorio
773 1080 902 1144 circum

95 1248 106 1261 ,
148 1191 233 1276 Ipsa
249 1191 347 1255 ducis
362 1191 522 1274 queritur,
538 1208 729 1273 magnoque
745 1208 895 1255 accensa
911 1190 1057 1255 tumultu

148 1300 271 1367 Mortis
286 1300 409 1366 vicinae
424 1301 659 1384 properanteis
674 1301 834 1365 admovet
848 1299 962 1365 boras.

150 1413 236 1478 Dira
251 1413 342 1477 subit
356 1411 489 1475 rabies:
513 1430 578 1475 sna
591 1412 748 1494 quisque,
764 1430 806 1476 ac
821 1410 962 1494 publica
974 1410 1048 1477 fen
1064 1432 1068 1441 ·
1171 1422 1181 1431 ‘

150 1522 371 1606 Praecipitare
387 1523 500 1605 cupit:
523 1522 649 1605 segnis,
663 1523 879 1605 pavidusque
892 1526 1047 1599 vocatur,

148 1632 203 1698 Ac
218 1635 359 1697 nimium
378 1634 513 1716 patiens
528 1634 639 1697 soceri
654 1632 853 1716 Pompeius,
870 1637 905 1721 et
919 1632 1012 1698 orbis

149 1743 334 1826 Indulgens
348 1764 464 1826 reguo,
480 1745 539 1827 qui
553 1750 605 1808 tot
618 1745 719 1808 simul
739 1744 891 1827 undique
906 1748 1024 1826 gentes

148 1854 242 1920 suris
256 1854 380 1919 habere
397 1856 451 1919 sui
465 1854 578 1932 vellet,
590 1874 778 1938 pacemque
792 1855 935 1919 timeret.

149 1965 311 2032 Necnon
326 1972 360 2030 et
373 1986 482 2048 reges,
498 1967 686 2050 populique
702 1970 885 2049 queruntur
900 1964 967 2030 Eoi

150 2078 249 2143 Bella
263 2077 361 2154 trahi,
376 2079 555 2160 patriaque
577 2077 698 2160 procul
712 2076 831 2141 tellure
844 2077 963 2142 teneri.

139 2186 233 2257 rHoc
249 2189 375 2271 placet,
392 2208 414 2251 o
431 2186 565 2270 Superi,
582 2207 660 2250 cum
674 2188 774 2251 vobis
789 2192 917 2252 vertere
932 2192 1058 2253 cuncta

152 2297 386 2381 Propositum,
396 2299 522 2362 nostris
544 2298 712 2362 erroribus
728 2296 852 2361 addere
873 2298 1011 2363 crimen.

149 2407 314 2472 Cladibus
328 2409 495 2486 irruimus
509 2409 731 2491 nocituraque
751 2409 927 2490 poscimus
942 2425 1057 2472 arma:

150 2516 192 2582 In
209 2517 430 2603 Pompeianis
444 2524 561 2585 votum
577 2524 629 2583 est
643 2517 823 2582 Pharsalia
837 2517 971 2582 castris.

149 2689 264 2744 woden,
272 2704 342 2752 egere.
392 2689 513 2740 45tarbae.
562 2696 593 2740 47
606 2704 688 2752 pugne
699 2691 747 2737 mie.
790 2688 922 2738 iloltimo.
984 2688 1265 2747 homimum&

248 2757 454 2816 §omnipatrem
529 2756 696 2803 58oobiecum.
773 2754 911 2814 seponere
985 2757 1019 2805 59
1034 2753 1179 2816 Pronum·

148 2917 179 2957 eo
189 2880 255 2951 luctu
272 2910 297 2950 et
313 2904 394 2953 lretitie
412 2907 443 2952 ob
460 2904 580 2953 victoriam
598 2911 687 2965 pertun
745 2906 785 2951 48.
804 2901 857 2950 Non
867 2911 938 2953 toturn
947 2905 1025 2953 ware
1034 2902 1114 2967 diem]
1128 2904 1253 2955 luteritnn

73 2964 76 2970 ’
151 2968 202 3015 ueri
212 2967 307 3014 solebat.
326 2969 429 3017 Horten.
713 2974 766 3015 aute
776 2975 875 3016 noctem.

183 3035 223 3080 45.
244 3031 495 3095 Vicerotostrojobcr.]
513 3032 687 3081 Solorieneob-
745 3034 784 3081 ⁵0.
803 3032 885 3080 Mortis
902 3030 1003 3095 vicine]
1026 3032 1169 3094 Rnlgereine
1184 3034 1252 3095 legit,

151 3103 285 3143 eouraverat
296 3106 364 3145 astru
375 3097 503 3146 Committe
512 3113 628 3145 murmure
638 3106 688 3143 tnr-
713 3096 784 3144 Morti
793 3099 879 3147 ntiae.
892 3097 932 3143 lib.
944 3103 967 3146 1.
977 3098 1032 3146 Ver.
1041 3099 1095 3145 leot.
1110 3114 1131 3145 c
1152 3090 1252 3147 1Μά-

151 3160 192 3217 bae,
201 3160 259 3223 &o.]
277 3162 400 3224 Pompeius
409 3178 493 3224 pugnes
502 3162 631 3224 periculum
641 3163 687 3208 for·
711 3161 801 3224 meum]
818 3163 947 3209 Accelerat

151 3226 260 3282 midabar,
278 3229 438 3287 sternebatque
453 3235 555 3288 tempore
570 3233 594 3273 et
611 3227 688 3286 iuopia
744 3230 784 3276 53.
801 3226 873 3275 Soceri
884 3222 1019 3288 Pompeiae]
1031 3226 1139 3274 Caesarie.
1152 3222 1186 3273 Et
1195 3226 1252 3277 ubit

152 3298 250 3338 atterere
261 3298 284 3337 et
296 3292 412 3339 debellere
422 3291 525 3338 homiues
535 3291 604 3337 ermis
615 3291 688 3338 invic-
711 3291 830 3355 indulgens
837 3290 926 3355 regnu]
944 3291 1090 3354 Arguebatur
1100 3292 1183 3353 segnis
1196 3296 1222 3339 et
1236 3306 1252 3339 e

151 3364 196 3402 tos.
213 3355 295 3416 Neque
304 3363 379 3403 tamen
394 3355 480 3402 diutius
497 3356 582 3402 licebat
596 3355 631 3402 illi
646 3372 689 3416 per
713 3355 865 3416 dignitatern
877 3355 1025 3402 ambitionem
1033 3354 1251 3403 declinauebellrrn

153 3434 246 3466 suorum
257 3428 282 3467 et
301 3421 416 3468 sociorum
433 3421 623 3481 proecipitmticm
641 3427 688 3466 tam
712 3421 855 3480 protrahere,
866 3418 1251 3481 quodintinsennimperioeeeet

153 3484 246 3530 salutari
254 3482 299 3532 frui
310 3484 413 3532 oonsilio.
432 3485 519 3531 Milites
532 3485 616 3540 ocimu,
631 3484 688 3531 socii
713 3491 737 3530 et
747 3484 816 3532 tantis
827 3492 919 3544 temque
929 3483 1201 3545 iuncinum-*impetret
1215 3484 1258 3533 ri·'

152 3563 247 3604 moram,
259 3550 376 3611 principes
387 3549 497 3596 ambitum
508 3548 576 3595 ducis
586 3548 690 3608 increpa·
713 3548 753 3594 ris.
765 3549 931 3610 Appellebatur
944 3549 1104 3612 Agonenam,
1113 3562 1154 3595 res
1162 3564 1250 3615 regu,

154 3614 216 3660 bant.
243 3613 283 3659 Sic
304 3614 502 3675 precipitantibus
521 3612 583 3670 fatis,
603 3612 689 3674 proelio
714 3611 758 3659 bec.
770 3614 834 3660 Plut.
845 3619 869 3660 et
877 3612 938 3673 App.
1094 3648 1097 3653 -

153 3682 244 3738 sumpta
255 3687 292 3726 est
308 3678 437 3735 Thessalia,
455 3686 479 3726 et
495 3678 567 3734 urbis,
586 3677 687 3738 imperii,
745 3680 785 3729 55.
804 3674 1050 3740 peramoenum]
1065 3676 1103 3725 Ne
1118 3691 1178 3739 paee
1194 3682 1254 3729 coni

106 3769 109 3776 ·
154 3741 343 3803 generishumani
354 3745 400 3791 lata
417 3742 539 3790 commisso
553 3750 614 3789 snut.
626 3742 687 3789 Plut.
712 3743 772 3790 fecta
781 3742 903 3804 imperium
912 3742 1028 3803 deponere
1037 3749 1168 3802 cogeretur.
1251 3786 1256 3791 .

154 3814 177 3854 et
188 3807 279 3853 Florus.
690 3808 693 3813 '
746 3810 786 3855 58.
805 3805 853 3853 Hoc
871 3806 952 3866 placa,
972 3822 985 3852 o
1004 3806 1091 3866 Superi,
1113 3804 1172 3870 &o.]
1188 3806 1267 3871 (lom,

160 3910 165 3918 .
185 3874 225 3918 46.
244 3869 366 3932 Fremit]
398 3872 462 3918 Dicit
481 3873 571 3919 turbam
589 3878 689 3918 cestren·
714 3872 804 3933 questio
815 3878 890 3931 poene
903 3869 1081 3933 expostulantis,
1099 3870 1187 3919 e'nrite
1196 3870 1250 3921 bin
1296 3894 1299 3903 ·

154 3951 203 3982 sem
213 3936 343 3990 fremuisse,
354 3951 482 3997 pngnoeque
494 3937 559 3998 signa
569 3937 689 3996 poposcis·
713 3936 789 3983 visum
798 3936 860 3982 situt
868 3950 918 3989 eos,
927 3950 984 3994 qnos
994 3950 1072 3982 errore
1079 3942 1157 3983 uoeboe
1165 3934 1251 3998 inper-

154 4017 188 4053 ce,
206 4007 230 4047 et
250 3999 355 4061 Pompeii
375 4001 544 4048 cunctationem
563 4002 687 4048 incnsesee.
713 4001 796 4048 nioiem
807 3999 899 4047 missuri
909 4000 963 4058 sint,
974 3999 1124 4048 etiamcledie
1135 4014 1186 4048 enne
1195 4006 1257 4049 m'

155 4063 257 4112 Heriem.
282 4056 429 4112 Trahertibue
447 4064 538 4126 orbem]
564 4067 591 4112 Iu
612 4066 689 4126 perni-
713 4073 776 4112 tores
786 4065 852 4122 argui
863 4063 943 4111 velint.

87 4161 89 4165 -
155 4131 221 4177 ciem.
746 4133 785 4177 61.
803 4129 833 4176 In
844 4129 984 4190 Pompeianis
998 4137 1073 4176 votam
1086 4138 1120 4179 eet
1129 4128 1256 4177 Perre-tta·

139 4225 151 4236 κ
186 4201 226 4243 47.
243 4193 314 4257 Signa
322 4194 378 4254 petit
389 4193 493 4256 pugna]
511 4193 607 4254 Signum
627 4194 689 4255 apud
713 4193 809 4257 muris]
835 4193 960 4242 Dimioetio
977 4195 1008 4241 (le
1026 4192 1208 4243 rerurre'mn're
1226 4194 1251 4241 in

155 4260 272 4306 Romanos
282 4274 366 4320 pugnes
380 4258 549 4305 committendoe
566 4264 615 4305 erat
624 4259 689 4319 palu·
714 4260 801 4323 cempis
812 4258 951 4306 Pbsreulicie
965 4258 1251 4323 e'Pornpeiulfexpetis

155 4327 286 4371 dementum
295 4320 690 4385 pnrpurenmeeucoeoinomeupra
713 4323 822 4372 tnrrotie
832 4322 1004 4373 ardentissimis.
1253 4338 1257 4345 ·

155 4389 294 4441 Praetorium
304 4402 437 4448 expensum.
