2784 4860
453 362 689 431 LUCANI.
734 367 846 433 ΜΒ.
883 367 934 435 Π.

140 538 305 603 Lascivos
321 539 415 604 ducit
429 539 574 606 Veneris
590 541 654 605 sub
668 530 806 606 numine
819 546 951 619 noctes,

140 649 276 713 Oblitus
292 650 412 733 Libyae
427 652 755 728 tantascualescere
764 653 869 732 vires,

140 763 391 847 Fortunamque
407 781 515 840 suam,
537 766 877 846 etsurgentiaregua
889 768 1083 831 morantes

138 873 284 937 Talibus
299 874 482 949 illecebris,
493 879 533 936 et
545 875 642 936 molli
656 875 784 939 fractus
799 895 915 942 amore

141 983 317 1049 Formosae
335 983 545 1048 Oechalidos
555 981 700 1066 Reginae
716 985 839 1050 dicitur
853 987 936 1050 olim

141 1097 317 1160 Maximus
332 1095 487 1159 Alcides.
498 1095 656 1160 humeros
670 1115 739 1160 non
753 1095 972 1161 fulvaleonis

124 1207 251 1288 'Terga
266 1207 420 1272 Cleonaei
430 1207 556 1284 velant,
571 1207 747 1271 nodosave
761 1205 882 1270 fortem

1178 368 1246 436 525

139 1315 249 1380 Clava
264 1322 372 1381 armat
386 1316 560 1395 dextram3
583 1315 767 1381 domitores
781 1316 875 1380 mille
888 1316 1042 1381 laborum
1057 1337 1060 1340 ⁴
1152 1358 1155 1364 ·
1183 1309 1186 1312 ’

140 1427 287 1491 Desidia
301 1428 469 1510 incipiunt
483 1428 558 1492 duri
572 1433 705 1510 torpere
719 1427 849 1491 lacerti.

141 1539 218 1603 Nec
230 1540 304 1622 jam
315 1540 510 1604 vindicibus
525 1540 641 1623 pacati
655 1535 893 1602 viribus'orbis

140 1649 321 1713 'ferrentur
333 1649 467 1731 Reges:
491 1650 552 1715 sed
567 1651 646 1734 plus
660 1647 684 1712 J
684 1647 808 1713 unouis
821 1647 949 1731 inique

142 1762 231 1844 Spes
245 1780 357 1825 saevas
372 1761 461 1826 secie
476 1762 628 1827 formosa
641 1760 783 1824 foemina
791 1759 893 1843 juvit,

142 1871 255 1950 Quam
269 1877 427 1954 poterant
440 1873 580 1937 ferratae>
588 1873 694 1948 acies,
710 1876 770 1935 aut
783 1870 897 1944 omnia
910 1876 1019 1949 terrae,

141 1983 253 2058 Aeris,
271 1982 482 2067 Oceanique,
491 1990 533 2049 -et
548 1984 640 2048 Ditis
654 1980 989 2064 monstraprofirndi.
1109 2000 1112 2005 ·

185 2092 254 2156 Sed
269 2093 371 2175 longo
388 2093 539 2158 Fortuna
554 2094 688 2158 Ducem
701 2099 834 2175 torpere
847 2096 986 2156 veterno

142 2204 224 2267 Non
240 2205 366 2287 patitur
380 2211 521 2282 tantum,
536 2206 651 2269 medio
665 2223 730 2268 nec
746 2201 894 2266 Caesaris
909 2208 988 2267 acta

141 2315 296 2379 Deficere
312 2316 347 2378 in
363 2336 485 2396 cursu3
508 2317 581 2381 sive
596 2316 787 2380 accelerare
802 2313 934 2379 ruinam

143 2423 334 2489 Romanam
351 2428 446 2510 cupit
460 2429 670 2504 inconstans,
692 2445 802 2491 exosa
815 2430 988 2509 potentem

140 2534 164 2598 J
166 2556 221 2599 am
236 2537 413 2619 populum,
430 2543 464 2601 et
477 2539 568 2602 vires
583 2539 706 2602 nimias
722 2557 808 2620 quas
824 2537 952 2611 fecerat
965 2536 1057 2620 ipsa:

142 2645 222 2710 Sive
239 2648 349 2711 Deam
360 2648 493 2730 puduit,
516 2649 610 2730 leges
629 2648 893 2732 venerandaque¹
899 2647 979 2731 jura

142 2757 291 2822 Caesaris
306 2760 439 2841 ignavae
456 2760 566 2823 solum
581 2761 704 2823 debere
720 2760 864 2823 salutem
917 2773 929 2806 1
972 2790 974 2797 ·

142 2869 308 2945 Desidiae,
325 2875 358 2932 et
372 2870 488 2952 potius
504 2871 679 2934 statuisset
693 2871 833 2954 perdere
850 2869 961 2934 Marte
1066 2918 1069 2923 .
1144 2835 1164 2958 γ’

142 2978 255 3057 Quam
271 2980 321 3042 sic
338 2998 491 3059 servare3
513 2985 552 3044 ut
565 2979 703 3058 bellum,
720 2982 812 3063 quod
834 2986 1002 3048 struxerat
1017 2984 1115 3062 olim,

142 3090 339 3154 Destrueret
353 3110 484 3155 rursum
500 3091 639 3175 Imperii
654 3092 791 3173 fastigia
805 3093 908 3156 tanti:

143 3200 219 3264 Nec
235 3201 313 3283 plus
329 3222 383 3266 res
400 3201 519 3266 Latias
533 3201 822 3285 facie-Cleopatra
834 3206 979 3267 nocente

143 3310 256 3390 Quam
268 3312 372 3393 gladii
383 3314 521 3390 ultores,
538 3319 572 3377 et
586 3312 754 3376 Thessala
770 3316 883 3375 castra
891 3311 1061 3394 juvarent.

185 3420 268 3486 Nou
282 3427 395 3485 tamen
410 3443 432 3486 a
446 3422 581 3486 Phariis
596 3424 707 3505 primo
723 3422 839 3486 civilia
852 3422 944 3486 bella

142 3532 287 3596 Deliciis
303 3536 436 3595 traxere
448 3534 596 3609 -Ducem,
612 3518 786 3596 tantuiuve
798 3550 959 3614 soporem

144 3642 335 3707 Excussere
351 3645 443 3707 tubae
459 3643 581 3707 Latiae.
597 3662 659 3705 rex
676 3639 799 3705 debilis
814 3640 910 3704 illum

142 3756 186 3819 Et
201 3755 269 3819 cito
287 3775 428 3819 casurus
444 3753 641 3818 Pharnaces
655 3751 796 3828 excitat,
811 3749 931 3816 utnon

142 3865 224 3950 lpse
238 3865 441 3928 ruatsolusx
465 3865 525 3928 sed
542 3861 848 3928 secumnobilioris
888 3928 891 3932 ,
924 3907 927 3910 >

144 3977 231 4040 Fata
245 3975 356 4040 trahat
371 3976 503 4059 populi.
520 3976 570 4039 sic
586 3984 669 4039 111111Ι
681 3974 753 4038 Leo
768 3993 911 4059 magnus
927 3957 1053 4059 apertis

143 4086 314 4151 Dormivit
328 4086 472 4171 campis
489 4086 623 4170 passim
633 4083 812 4152 formidine
824 4066 921 4148 nulla

143 4197 250 4264 Illaesi
265 4215 424 4282 carpsere
438 4216 562 4281 greges·
571 4215 635 4261 sua
648 4193 778 4279 pabule
788 4213 801 4274 ;-
819 4212 946 4278 parvus

143 4308 245 4375 Forte
260 4310 363 4377 culex
378 4296 525 4376 stimulis
540 4308 730 4376 audaeibus
745 4305 930 4376 araleonis
1032 4352 1034 4356 .
