2784 4860
9 370 12 377 ·
136 333 203 399 508
440 329 934 412 SUPPLEMENTUM

138 501 311 586 Agricolae
328 502 496 579 manibus,
511 504 600 567 tanti
607 504 744 587 jactura
757 504 887 569 laboris
920 496 933 545 ·'

139 613 188 678 Ut
202 613 274 676 fieri
289 613 419 696 possit3
440 613 549 676 moles
565 619 602 676 ut
615 614 738 696 vulgus
752 616 884 692 inanes,

139 724 309 806 Vanaque
326 724 545 806 Pyramidum
559 723 702 786 miracla
716 729 927 807 stupesceret
941 723 1058 789 Orbis.

140 834 209 899 Tot
224 837 363 917 potuere
379 853 500 897 manus
516 833 647 896 steriles
662 833 826 897 invertere
842 825 971 919 glebas,
1002 848 1007 855 '

131 944 330 1030 ,Emendare
346 944 474 1029 solum,¹
489 944 592 1005 muris
609 942 806 1005 circundare
820 947 938 1019 terras,

142 1054 187 1119 Et
200 1059 295 1118 tanto
310 1053 481 1116 imbellem
496 1053 677 1116 munimine
694 1054 828 1136 cingere
843 1059 988 1136 gentem,

142 1163 191 1229 Ut
204 1185 273 1228 non
288 1152 461 1226 incursum
476 1163 596 1245 populi
611 1163 781 1227 timuisset
794 1163 870 1240 Eoi,
951 1162 953 1167 ’

143 1272 225 1337 Non
240 1274 421 1336 Persarum
437 1273 540 1348 acies,
556 1272 816 1356 pharetrataque
830 1275 955 1339 robora
967 1270 1082 1353 Suam,

143 1381 220 1447 Nec
237 1382 421 1446 Macedum
437 1380 551 1445 aeratae
567 1382 730 1447 cessisset
743 1384 862 1466 praeda
875 1384 1045 1469 Phalangi
1063 1380 1066 1387 '

145 1493 280 1558 Fertilis
297 1495 487 1576 AEgyptus3
511 1492 572 1555 sed
589 1493 865 1576 inexpugnabilis
879 1496 994 1573 armis,

143 1602 257 1686 Atque
274 1604 327 1666 sui
338 1603 425 1686 juris
440 1603 570 1665 seclum
585 1604 768 1667 mansisset
779 1605 815 1668 in
830 1624 940 1669 omne.
956 1598 960 1605 ’
1018 1654 1022 1661 .

188 1712 348 1778 Volvitur
363 1733 384 1776 a
400 1712 554 1795 Memphi
569 1715 693 1796 partito
709 1716 838 1796 gurgite
854 1715 969 1793 Nilus,
997 1726 1000 1731 '

147 1825 375 1907 Extremoque
392 1825 519 1888 Eurum
533 1845 651 1888 versus
666 1824 899 1909 ferit'aequora
913 1844 1019 1891 cornu

62 1946 65 1953 '
146 1934 203 2000 Ad
217 1935 420 1999 Pelusiacas
436 1932 553 2015 arces3
577 1941 611 1999 at
626 1936 754 2017 gurgite
768 1936 883 2001 mollis

146 2045 255 2111 Alluit
271 2045 426 2110 Occiduo
442 2048 536 2110 littus
552 2052 754 2129 portumque
770 2044 914 2111 Ganobi.

147 2157 242 2222 Huic
259 2156 352 2221 dedit
367 2158 542 2240 antiquum
559 2156 709 2220 Menelai
725 2154 855 2219 Navita
867 2176 1002 2234 nomen,
1036 2196 1039 2201 -

148 2268 275 2332 Littore
290 2266 336 2353 (si
351 2268 451 2332 famae
467 2265 605 2351 credas)
617 2267 803 2331 tumulatus
818 2267 854 2329 in
868 2267 948 2345 isto,

148 2376 235 2440 Cum
251 2377 366 2439 Pharii
377 2377 492 2460 justus
508 2377 615 2440 tenuit
631 2376 824 2440 diademata
838 2377 932 2459 regni
994 2376 1010 2465 .-

148 2487 304 2550 Proteus.
321 2487 444 2568 eripuit
459 2487 576 2550 Paridi
593 2487 807 2550 castissimus
823 2487 881 2550 ille

148 2597 346 2671 Tindarida,
363 2602 396 2660 et
409 2597 501 2660 nullo
517 2597 671 2660 vitiatam
687 2596 824 2660 crimine
840 2617 982 2663 servans

148 2708 235 2772 Post
249 2706 388 2791 Trojam
403 2708 556 2770 excisam
571 2708 659 2770 ferro
674 2705 887 2790 flammisque
901 2708 1023 2773 marito

149 2817 324 2881 Reddidit.
339 2817 414 2880 haec
429 2818 529 2880 tellus
540 2818 631 2881 'inter
646 2817 714 2880 duo
731 2817 870 2882 flumina
884 2818 989 2883 Delta
1002 2825 1057 2885 est

150 2928 258 2993 Dives
275 2946 388 3008 opum,
405 2927 500 2990 dives
516 2907 689 3011 pecorum,
704 2928 860 3010 laetisque
877 2929 1037 2993 colonum
1055 2944 1059 2951 '

153 3037 321 3117 Frugibus
336 3041 531 3112 ereaturam,
550 3042 652 3118 atque
667 3039 807 3102 urbibus
823 3039 951 3122 inclyta
964 3042 1110 3123 magnis.
1142 3060 1145 3065 ·
1176 3064 1186 3103 :.

153 3147 246 3227 Quid
262 3147 397 3222 Butum,
414 3147 537 3213 Butive
552 3127 677 3226 lacumss
699 3168 768 3230 quo
783 3130 939 3229 gentibus
952 3150 1035 3215 olim
1070 3146 1074 3153 ’
1130 3172 1133 3177 ·

152 3257 300 3322 Niliacis
315 3240 480 3339 responsa
496 3257 598 3319 dabat
613 3246 781 3321 Phoebeia
794 3264 921 3333 mater:

153 3366 246 3445 Quid
263 3386 392 3430 saevam
406 3366 598 3448 hospitibus
613 3386 795 3433 memorem
808 3369 978 3459 Busiridis
991 3372 1122 3449 urbem,

154 3478 390 3561 Funestasquc
407 3479 507 3541 arasl
531 3483 606 3541 teve
623 3476 713 3541 Urbs
727 3458 961 3559 pulcherrima,
976 3458 1120 3546 nomen:
1166 3520 1169 3525 ·

155 3587 220 3652 Cui
235 3566 354 3657 Venus
369 3590 448 3671 ipsa
462 3589 578 3652 dediti
601 3589 656 3653 vel
672 3593 703 3651 te
719 3588 860 3651 delubra
874 3589 1040 3656 Minerva
1081 3568 1096 3577 Ἰ

153 3699 236 3762 Alta
250 3680 368 3769 tenens
384 3698 473 3777 Sais,
489 3720 592 3785 quam
607 3682 924 3767 rex'Psammiticus
940 3700 1022 3791 oliui

155 3808 341 3872 Condidit?
365 3790 513 3892 antiquae
526 3789 628 3891 juxta
643 3814 733 3887 stant
746 3789 875 3872 moenia
890 3808 1046 3889 Mendes,

156 3918 235 3997 Qua
251 3919 347 3983 Deus
362 3904 521 3983 Arcadiae
536 3918 611 3983 Pan
626 3918 808 4001 pastoralis
822 3920 858 4000 in
873 3920 955 3989 urbe
1037 3902 1044 3919 ³

156 4027 349 4109 Relligione
365 4008 497 4111 panum
515 4028 648 4092 colitur.
665 4048 742 4091 cum
756 4011 920 4095 matribus
934 4032 1006 4101 illio

155 4137 220 4221 (Ut
234 4118 536 4223 perhibentlcapri
552 4137 675 4225 coiere,
691 4120 866 4217 et'semine
881 4142 984 4207 misto

157 4247 346 4312 Foedavcre
362 4253 488 4313 uteros.
505 4249 588 4331 olim
603 4249 653 4333 sic
669 4248 727 4312 ille
743 4226 888 4337 creatus,
