2784 4860
477 570 530 638 M.
561 571 732 639 Anum
768 531 951 644 Lucam

313 739 719 850 CIVILIS
799 751 1114 858 BELLI

684 979 743 1013 swa

360 1118 361 1122 ’
431 1154 440 1160 -
497 1111 934 1207 PHARSALIAE,

553 1347 676 1402 LIBER
712 1349 870 1406 PRIMUS.

623 1557 810 1571 *-

158 1716 301 1804 BELLA
316 1752 377 1818 per
391 1732 566 1797 Emathios
580 1733 659 1816 plus
674 1754 776 1817 quam
791 1735 907 1799 civilia
931 1754 1084 1819 campos,

122 1886 126 1887 ν
156 1843 288 1927 Jusque
304 1844 419 1907 datum
434 1843 554 1908 sceleri
565 1844 729 1920 canimus,
752 1845 984 1928 populumque
998 1851 1171 1929 potentem

157 1954 198 2018 In
212 1973 276 2018 sua
288 1953 421 2017 victrici
436 1972 636 2018 conversum
650 1953 784 2017 viscera
799 1952 938 2036 dextra3

185 2112 398 2186 ansuinum]
416 2125 477 2171 Vere
491 2121 631 2188 ὑπιριφιτυιδς
650 2123 686 2171 ri·
699 2137 755 2170 vero
772 2131 852 2178 noster
869 2126 1005 2186 promiscue
1025 2127 1070 2174 hoo
1083 2141 1167 2174 nomen
1174 2118 1244 2176 usur·
1318 2148 1319 2152 ¹

153 2191 221 2238 rietur
236 2191 293 2238 mihi
304 2191 351 2238 lul.
363 2192 424 2236 Caes.
435 2189 539 2249 Scaliger
548 2189 572 2235 in
591 2189 685 2249 Hyper·
709 2197 758 2246 pat,
775 2191 837 2250 quod
847 2190 940 2252 proprie
951 2192 1094 2238 Macedoniae
1104 2193 1210 2240 debatur.

152 2255 233 2303 oritioo
245 2268 287 2302 suo
298 2271 348 2315 oap.
361 2258 384 2302 6.
395 2253 436 2300 ubi
445 2253 505 2299 inter
515 2253 560 2299 alia
567 2254 685 2301 Lucanum
746 2256 769 2300 2.
785 2253 872 2315 Jaspae
889 2255 968 2301 datam
985 2256 1085 2318 sceleri]
1114 2255 1243 2306 bisentium

152 2325 225 2374 notat,
244 2321 306 2380 quod
327 2319 429 2380 pessimo
451 2317 547 2364 oonsilio
562 2333 620 2378 opus
641 2317 685 2364 hoo
709 2319 792 2366 factam
802 2319 937 2366 sceleribus.
969 2321 1023 2367 Uno
1039 2320 1100 2367 enim
1110 2320 1165 2368 belli
1184 2321 1243 2368 oiri·

150 2384 295 2444 inscripserit
310 2383 461 2430 Pharsaliam.
490 2381 685 2442 ,Quippenetsn-
708 2383 738 2430 lis
763 2383 862 2438 nornine,
888 2383 981 2430 infinitae
1011 2391 1119 2445 teguntur
1143 2384 1242 2444 injuriae.
1330 2398 1337 2408 ¹

150 2449 200 2496 tilla
210 2449 304 2509 quidem
317 2449 395 2509 operis
411 2463 465 2508 pars
481 2446 544 2492 illius
559 2462 587 2493 ea
602 2447 667 2507 regio
678 2463 683 2493 :
708 2449 746 2494 lta
755 2448 826 2500 infra:
838 2447 906 2494 semel
915 2449 990 2494 amala
1000 2449 1073 2496 victor
1072 2452 1183 2512 jusserat.
1200 2452 1243 2497 Sa-

152 2514 184 2560 uti
193 2513 303 2567 Thebais,
315 2513 379 2568 ilias,
395 2511 441 2559 &a
474 2511 543 2575 Quod
553 2517 629 2557 tamen
639 2511 685 2558 viri
710 2527 777 2558 neca:
795 2511 1261 2574 EtSeaatascoasaltisplehisplescitia¹

150 2577 207 2624 tanti
217 2592 275 2637 paee
286 2579 383 2632 dicatur,
400 2577 487 2637 optima
501 2576 590 2621 ratione
602 2591 683 2622 nomen
707 2591 763 2624 soeaa
778 2585 921 2633 exerceatur,
937 2585 960 2624 et
976 2577 1068 2638 publice
1077 2579 1194 2640 jabeatar
1206 2593 1241 2626 ve-

151 2642 204 2689 huio
214 2642 281 2702 operi
290 2642 388 2688 inditum
399 2640 496 2688 arbitror
507 2642 535 2686 ab
546 2639 587 2686 illo
597 2639 649 2686 looo
660 2641 683 2685 in
708 2641 874 2702 titaprisatim.
907 2642 1054 2702 Cyprianus:
1080 2641 1241 2690 Homicidium

151 2722 195 2767 quo
208 2707 331 2766 Pompeius
342 2722 394 2752 oum
406 2707 498 2752 Caesare
509 2705 538 2751 de
549 2720 637 2750 summa
647 2720 683 2751 re·
707 2722 776 2766 quum
788 2707 910 2753 admittunt
920 2706 1013 2767 singuli,
1026 2706 1112 2754 crimen
1124 2713 1175 2754 est:
1193 2707 1240 2754 vir·
1268 2756 1274 2773 x

150 2785 200 2818 rum
215 2770 354 2824 'dimicavit
381 2769 502 2830 vietusque
522 2768 590 2829 tagit,
617 2771 683 2828 oujus
707 2776 745 2817 tus
761 2777 864 2825 vocatur,
881 2786 933 2816 oum
943 2771 1035 2830 publice
1053 2773 1147 2831 geritur.
1182 2769 1242 2818 Gne,

150 2842 359 2896 pugnaeeventum,
376 2834 447 2881 totius
463 2834 520 2880 balli
536 2833 627 2880 fortuna
646 2849 682 2880 se·
707 2835 761 2880 tias.
793 2833 880 2895 Jaspae
899 2835 980 2880 datam
997 2835 1086 2891 sceleri,
1102 2834 1161 2897 δια]
1194 2834 1241 2885 Oai
1333 2849 1336 2851 ’

149 2906 256 2948 outaest.
695 2898 942 2959 ‘nondictusHylas3
975 2900 1034 2958 Quis
1049 2900 1072 2945 in
1092 2900 1180 2947 seelera
1194 2899 1248 2946 hoo

182 2966 206 3010 1.
223 2963 289 3009 Bella
303 2964 355 3024 pias
368 2979 435 3024 qaam
446 2963 532 3018 civilia,
548 2960 605 3022 &o.]
624 2959 682 3006 Plas
706 2962 843 3022 explicando
853 2979 898 3010 non
908 2965 1005 3010 assumit
1015 2963 1058 3010 sibi
1066 2966 1106 3024 jus
1117 2964 1239 3012 oritioum?

149 3043 215 3088 pisam
225 3029 299 3082 civile,
315 3036 352 3075 est
362 3029 422 3074 haud
440 3027 510 3073 dubio
527 3025 628 3087 parius,
644 3025 680 3070 di·
705 3028 781 3074 Video
791 3028 847 3088 quid
863 3028 946 3075 sentiat
965 3029 998 3075 H.
1010 3029 1122 3074 Grotius:
1156 3028 1239 3075 Licen-

147 3092 204 3147 rius,
220 3093 364 3139 inhumanius
382 3091 545 3152 quamoivile:
562 3091 625 3151 quod
643 3089 679 3149 ip·
703 3091 854 3155 liamfaclam
863 3092 992 3139 sceleribus.
1024 3092 1101 3139 Audio
1120 3093 1177 3152 quid
1188 3108 1237 3140 mo-

104 3199 109 3212 „
148 3171 198 3203 sum
216 3173 264 3217 prae
286 3158 337 3203 aliis
358 3157 470 3203 bellorum
487 3154 609 3215 generibus
628 3169 678 3214 gra·
702 3161 756 3202 neat
765 3157 827 3202 doct.
839 3158 858 3202 1.
870 3159 894 3203 S.
926 3154 1082 3216 Jasimperii,
1096 3171 1138 3216 per
1154 3157 1240 3208 hellam
1306 3174 1308 3176 ’

147 3220 226 3276 vitato,
253 3223 354 3274 diritate,
383 3220 546 3282 inhumapitate
574 3218 678 3264 excellit.
703 3220 744 3268 hoc
757 3222 884 3276 scelestam,
900 3220 1038 3268 translatam
1057 3221 1088 3266 acl
1107 3221 1162 3268 Cas.
1184 3223 1236 3269 an-

147 3284 185 3332 Sio
202 3286 284 3332 Florus
302 3286 343 3332 lib.
355 3291 378 3334 4.
398 3301 448 3344 oap.
465 3286 504 3331 11.
523 3283 615 3329 aaeaaa
632 3298 677 3328 aaa
701 3290 763 3332 ieros
786 3286 924 3346 interpretes
944 3285 1002 3331 nihil
1021 3300 1105 3331 moror.
1149 3286 1236 3333 Verum

145 3357 207 3396 recte
217 3351 378 3396 tantamciaile
388 3351 488 3403 dicatur,
499 3347 543 3394 &o
554 3347 593 3394 sed
601 3348 678 3408 polias
703 3350 781 3405 Poeta,
800 3356 824 3396 ut
833 3365 876 3410 ego
887 3349 992 3404 arbitror,
1008 3349 1129 3410 profitetur
1138 3350 1199 3396 velle
1210 3366 1236 3398 sa

146 3429 260 3463 commane
282 3415 393 3475 qaaddam
416 3428 442 3459 ea
464 3413 565 3458 omnihus
585 3419 606 3458 et
624 3412 677 3472 pias
699 3414 786 3460 bellum
797 3414 875 3468 civile,
891 3414 953 3473 quod
963 3413 1049 3473 passim
1059 3412 1100 3458 lib.
1112 3416 1136 3459 4.
1147 3430 1183 3461 vs.
1195 3417 1235 3464 26.

146 3495 211 3540 wem
231 3480 320 3525 bellam.
333 3479 357 3524 id
374 3485 417 3532 est,
434 3493 499 3536 paene
518 3492 562 3522 non
580 3476 674 3530 bellum,
700 3488 724 3523 et
735 3482 790 3527 228.
801 3478 842 3524 lib.
853 3480 877 3527 5.
888 3493 924 3523 vs.
941 3476 1055 3524 314.''&o.
1069 3477 1142 3524 scelus
1157 3485 1235 3534 vocat,

146 3546 187 3590 aad
195 3545 326 3590 vastitatem
337 3543 450 3602 quandam
460 3542 532 3588 instar
542 3541 625 3587 diluvii
636 3547 675 3587 aut
699 3557 781 3590 oanere
793 3558 800 3600 3
816 3543 886 3602 idque
896 3557 941 3587 non
952 3542 1073 3588 temerario
1088 3543 1187 3601 quodam
1198 3549 1235 3589 tu-

144 3605 675 3666 inflammationis,queceacoetaaamiaalaes
698 3606 993 3660 multuautcoeoofurore,
1007 3606 1066 3652 intra
1077 3607 1238 3654 urbismoenia
1292 3606 1296 3613 “
1364 3607 1369 3624 ¹

143 3673 263 3719 inimicave
279 3672 355 3725 tellas,
371 3676 503 3731 peragraret
514 3672 593 3716 orbem
603 3677 675 3715 terra-
699 3671 846 3724 autttaliam,
862 3676 888 3715 ut
898 3669 922 3715 in
938 3670 1031 3730 Syllana
1048 3671 1117 3716 modo
1133 3676 1223 3731 tempos

142 3751 201 3791 rum,
216 3737 337 3796 omniaque
351 3735 507 3796 popularetur,
522 3734 587 3779 velut
602 3735 675 3793 pesti·
699 3739 746 3780 tata
769 3741 808 3781 aut
823 3734 925 3780 Cinniana
941 3735 1022 3780 rabie:
1045 3735 1087 3779 sed
1102 3733 1181 3792 justis,
1198 3735 1234 3782 uti

142 3799 234 3848 lentiam
257 3808 296 3846 aut
316 3808 384 3846 terrae
405 3805 500 3845 motum.
540 3797 673 3845 Gronovius.
699 3812 747 3856 prae
769 3815 794 3845 se
814 3799 925 3853 ferebant,
942 3799 1048 3858 utrinque
1063 3797 1149 3852 oausis,
1162 3798 1233 3857 justis

143 3863 276 3925 Eanathias]
315 3863 452 3910 Macedonia
479 3862 533 3908 olim
554 3862 617 3907 diota
637 3870 674 3909 est
699 3863 840 3909 exercitibus
859 3868 883 3907 et
900 3861 1061 3923 praeliis,‘pari
1080 3861 1232 3922 gratiaatque

141 3927 230 3990 basila.
263 3933 292 3975 Α.
312 3929 373 3975 Gell.
387 3929 428 3973 lib.
447 3930 485 3974 14.
506 3942 556 3985 oap.
573 3929 596 3972 6.
614 3927 673 3974 Plin.
699 3928 821 3973 autoritate
842 3932 940 3986 gestum,
967 3942 1003 3972 vs.
1022 3928 1079 3972 666.
1101 3925 1168 3986 hujus
1189 3926 1238 3974 lib,

140 3992 181 4040 lib.
196 4000 220 4042 4.
240 4009 291 4053 oap.
310 3997 349 4038 10.
365 3999 389 4038 et
407 3992 479 4038 Solia.
497 4006 548 4050 cup.
565 3995 603 4038 14.
637 3993 673 4037 Ad
698 3989 1159 4053 Sceleripaeaefaadoaameneritvirtas.
1176 3987 1246 4038 vids'

140 4059 310 4119 Dyrrhachium
329 4057 422 4116 quidem
443 4055 586 4102 Macedoniae
607 4056 674 4115 oppi-
698 4061 722 4100 et
731 4055 772 4102 lib.
784 4061 807 4104 2.
818 4071 854 4101 vs.
866 4057 922 4103 540.
933 4063 957 4102 et
966 4056 1007 4102 lib.
1018 4057 1042 4102 3.
1051 4071 1087 4101 vs.
1100 4057 1155 4104 228.

140 4123 195 4170 dum
212 4122 340 4169 difficiliore
354 4137 431 4181 pugna
449 4126 615 4173 certatumest,
632 4121 673 4166 de·
731 4123 754 4166 3.
773 4118 855 4166 Iasaa
870 4119 976 4182 olmera]
995 4121 1063 4180 Quod
1084 4120 1142 4180 Pop.
1162 4120 1234 4180 Rom„

139 4187 248 4234 bellatum
270 4194 345 4233 autem
366 4186 390 4230 in
418 4184 505 4244 campis
527 4183 673 4240 Pharsaliois,
697 4183 832 4231 inmutuam
849 4186 937 4230 oaedem
952 4185 1032 4230 ruerit.
1068 4181 1165 4230 Victrici
1178 4183 1231 4239 daat-
1317 4196 1319 4203 ’

138 4250 198 4299 inter
216 4251 412 4298 Maoedoniarnel
429 4247 581 4303 Thessaliam,
603 4248 673 4295 diotis
696 4247 761 4310 tra,·]
784 4249 830 4309 Qui
838 4249 1043 4309 virtutaetopibus
1051 4249 1100 4296 suis
1111 4255 1184 4295 lotum
1193 4242 1233 4294 οῖ’-

139 4316 283 4365 aPharsslo
300 4314 428 4363 Thessaliae
448 4312 543 4374 oppido.
582 4310 676 4371 Passim¹
697 4313 1052 4376 bemsaoimperiosubjeoe'rat.
1086 4311 1230 4362 Hortensius.
