<?xml version="1.0" encoding="UTF-8"?>
<!DOCTYPE html PUBLIC "-//W3C//DTD XHTML 1.0 Transitional//EN"
    "http://www.w3.org/TR/xhtml1/DTD/xhtml1-transitional.dtd">
<html xmlns="http://www.w3.org/1999/xhtml" xml:lang="en" lang="en">
 <head>
  <title>
</title>
<meta http-equiv="Content-Type" content="text/html;charset=utf-8" />
  <meta name='ocr-system' content='tesseract 3.04.00' />
  <meta name='ocr-capabilities' content='ocr_page ocr_carea ocr_par ocr_line ocrx_word'/>
</head>
<body>
  <div class='ocr_page' id='page_1' title='image "./mannaeuslucanus00grotgoog/mannaeuslucanus00grotgoog_0154.png"; bbox 0 0 2784 4860; ppageno 0'>
   <div class='ocr_carea' id='block_1_1' title="bbox 296 306 1269 435">
    <p class='ocr_par' dir='ltr' id='par_1_1' title="bbox 296 306 1269 435">
     <span class='ocr_line' id='line_1_1' title="bbox 296 306 1269 435; baseline 0 -15"><span class='ocrx_word' id='word_1_1' title='bbox 296 382 298 386; x_wconf 26' lang='grc' dir='ltr'><em>ψ</em></span> <span class='ocrx_word' id='word_1_2' title='bbox 339 306 586 424; x_wconf 41' lang='lat' dir='ltr'>‘civ-rurs</span> <span class='ocrx_word' id='word_1_3' title='bbox 616 351 803 434; x_wconf 23' lang='lat' dir='ltr'>,annm</span> <span class='ocrx_word' id='word_1_4' title='bbox 824 353 958 435; x_wconf 76' lang='lat' dir='ltr'>:nra</span> <span class='ocrx_word' id='word_1_5' title='bbox 993 354 1065 422; x_wconf 86' lang='lat' dir='ltr'>ru.</span> <span class='ocrx_word' id='word_1_6' title='bbox 1176 351 1269 421; x_wconf 60' lang='lat' dir='ltr'>..aa</span> 
     </span>
    </p>
   </div>
   <div class='ocr_carea' id='block_1_2' title="bbox 95 528 1253 2613">
    <p class='ocr_par' dir='ltr' id='par_1_2' title="bbox 95 528 1253 2170">
     <span class='ocr_line' id='line_1_2' title="bbox 154 528 1006 614; baseline -0.004 -18"><span class='ocrx_word' id='word_1_7' title='bbox 154 528 515 614; x_wconf 64' lang='lat' dir='ltr'>Transigitur.{medio</span> <span class='ocrx_word' id='word_1_8' title='bbox 532 532 856 613; x_wconf 89' lang='lat' dir='ltr'>concurrit-pectore</span> <span class='ocrx_word' id='word_1_9' title='bbox 871 531 1006 607; x_wconf 85' lang='lat' dir='ltr'>ferrum,</span> 
     </span>
     <span class='ocr_line' id='line_1_3' title="bbox 153 621 1049 724; baseline 0.001 -17"><span class='ocrx_word' id='word_1_10' title='bbox 153 621 210 707; x_wconf 47' lang='lat' dir='ltr'>Et*</span> <span class='ocrx_word' id='word_1_11' title='bbox 221 643 315 706; x_wconf 86' lang='lat' dir='ltr'>stetit</span> <span class='ocrx_word' id='word_1_12' title='bbox 335 641 485 717; x_wconf 87' lang='lat' dir='ltr'>incertus</span> <span class='ocrx_word' id='word_1_13' title='bbox 500 641 619 706; x_wconf 88' lang='lat' dir='ltr'>flueret</span> <span class='ocrx_word' id='word_1_14' title='bbox 636 661 704 724; x_wconf 92' lang='lat' dir='ltr'>quo</span> <span class='ocrx_word' id='word_1_15' title='bbox 720 643 858 706; x_wconf 90' lang='lat' dir='ltr'>vulnere</span> <span class='ocrx_word' id='word_1_16' title='bbox 875 642 1049 722; x_wconf 61' lang='lat' dir='ltr'>sanguis,&gt;</span> 
     </span>
     <span class='ocr_line' id='line_1_4' title="bbox 139 751 1195 835; baseline -0.003 -17"><span class='ocrx_word' id='word_1_17' title='bbox 139 754 280 831; x_wconf 63' lang='lat' dir='ltr'>j&#39;Donec</span> <span class='ocrx_word' id='word_1_18' title='bbox 295 757 458 834; x_wconf 88' lang='lat' dir='ltr'>utrasque</span> <span class='ocrx_word' id='word_1_19' title='bbox 474 753 575 815; x_wconf 92' lang='lat' dir='ltr'>simul</span> <span class='ocrx_word' id='word_1_20' title='bbox 590 752 705 834; x_wconf 85' lang='lat' dir='ltr'>largus</span> <span class='ocrx_word' id='word_1_21' title='bbox 721 771 821 816; x_wconf 89' lang='lat' dir='ltr'>cruor</span> <span class='ocrx_word' id='word_1_22' title='bbox 836 753 970 835; x_wconf 85' lang='lat' dir='ltr'><strong>expulit</strong></span> <span class='ocrx_word' id='word_1_23' title='bbox 984 751 1114 828; x_wconf 75' lang='lat' dir='ltr'>hastae,</span> <span class='ocrx_word' id='word_1_24' title='bbox 1188 805 1195 834; x_wconf 32' lang='grc' dir='ltr'><strong>ἶ</strong></span> 
     </span>
     <span class='ocr_line' id='line_1_5' title="bbox 159 850 1217 947; baseline -0.004 -18"><span class='ocrx_word' id='word_1_25' title='bbox 159 867 358 947; x_wconf 87' lang='lat' dir='ltr'>Divisitque</span> <span class='ocrx_word' id='word_1_26' title='bbox 378 864 538 940; x_wconf 86' lang='lat' dir='ltr'>animam,</span> <span class='ocrx_word' id='word_1_27' title='bbox 563 865 756 946; x_wconf 84' lang='lat' dir='ltr'>sparsitque</span> <span class='ocrx_word' id='word_1_28' title='bbox 771 865 808 927; x_wconf 90' lang='lat' dir='ltr'>in</span> <span class='ocrx_word' id='word_1_29' title='bbox 822 857 964 928; x_wconf 87' lang='lat' dir='ltr'>vulnera</span> <span class='ocrx_word' id='word_1_30' title='bbox 978 863 1107 944; x_wconf 45' lang='lat' dir='ltr'>letume</span> <span class='ocrx_word' id='word_1_31' title='bbox 1215 850 1217 856; x_wconf 32' lang='lat'><strong>¹</strong></span> 
     </span>
     <span class='ocr_line' id='line_1_6' title="bbox 156 973 1115 1057; baseline -0.003 -17"><span class='ocrx_word' id='word_1_32' title='bbox 156 976 284 1057; x_wconf 86' lang='lat' dir='ltr'>Dirigit</span> <span class='ocrx_word' id='word_1_33' title='bbox 297 975 365 1045; x_wconf 88' lang='lat' dir='ltr'>huc</span> <span class='ocrx_word' id='word_1_34' title='bbox 382 975 527 1056; x_wconf 91' lang='lat' dir='ltr'>puppim</span> <span class='ocrx_word' id='word_1_35' title='bbox 542 976 664 1038; x_wconf 51' lang='lat' dir='ltr'>miseri¹</span> <span class='ocrx_word' id='word_1_36' title='bbox 674 994 811 1057; x_wconf 92' lang='lat' dir='ltr'>quoque</span> <span class='ocrx_word' id='word_1_37' title='bbox 827 975 948 1038; x_wconf 86' lang='lat' dir='ltr'>dextra</span> <span class='ocrx_word' id='word_1_38' title='bbox 962 973 1115 1051; x_wconf 76' lang='lat' dir='ltr'>TeloniS,</span> 
     </span>
     <span class='ocr_line' id='line_1_7' title="bbox 157 1086 1008 1169; baseline -0.002 -19"><span class='ocrx_word' id='word_1_39' title='bbox 157 1086 240 1165; x_wconf 82' lang='lat' dir='ltr'>Qua</span> <span class='ocrx_word' id='word_1_40' title='bbox 253 1087 382 1150; x_wconf 90' lang='lat' dir='ltr'>nullam</span> <span class='ocrx_word' id='word_1_41' title='bbox 397 1087 531 1162; x_wconf 90' lang='lat' dir='ltr'>melius,</span> <span class='ocrx_word' id='word_1_42' title='bbox 555 1087 680 1169; x_wconf 83' lang='lat' dir='ltr'>pelago</span> <span class='ocrx_word' id='word_1_43' title='bbox 695 1087 862 1162; x_wconf 83' lang='lat' dir='ltr'>turbante,</span> <span class='ocrx_word' id='word_1_44' title='bbox 882 1087 1008 1150; x_wconf 84' lang='lat' dir='ltr'>carinae</span> 
     </span>
     <span class='ocr_line' id='line_1_8' title="bbox 158 1197 939 1262; baseline -0.003 0"><span class='ocrx_word' id='word_1_45' title='bbox 158 1197 334 1262; x_wconf 86' lang='lat' dir='ltr'>Audivere</span> <span class='ocrx_word' id='word_1_46' title='bbox 350 1217 505 1260; x_wconf 87' lang='lat' dir='ltr'>manum:</span> <span class='ocrx_word' id='word_1_47' title='bbox 528 1218 592 1261; x_wconf 90' lang='lat' dir='ltr'>nec</span> <span class='ocrx_word' id='word_1_48' title='bbox 607 1198 669 1261; x_wconf 85' lang='lat' dir='ltr'>lux</span> <span class='ocrx_word' id='word_1_49' title='bbox 685 1202 737 1261; x_wconf 89' lang='lat' dir='ltr'>est</span> <span class='ocrx_word' id='word_1_50' title='bbox 751 1198 862 1262; x_wconf 89' lang='lat' dir='ltr'>notior</span> <span class='ocrx_word' id='word_1_51' title='bbox 877 1197 939 1260; x_wconf 92' lang='lat' dir='ltr'>ulli</span> 
     </span>
     <span class='ocr_line' id='line_1_9' title="bbox 141 1306 1188 1391; baseline -0.006 -19"><span class='ocrx_word' id='word_1_52' title='bbox 141 1307 328 1385; x_wconf 59' lang='lat' dir='ltr'>¹Crastina,</span> <span class='ocrx_word' id='word_1_53' title='bbox 353 1306 600 1382; x_wconf 59' lang='lat' dir='ltr'>seu,Phoebum</span> <span class='ocrx_word' id='word_1_54' title='bbox 614 1307 741 1391; x_wconf 83' lang='lat' dir='ltr'>videat,</span> <span class='ocrx_word' id='word_1_55' title='bbox 766 1307 1084 1385; x_wconf 78' lang='lat' dir='ltr'>seucomuatlunae,</span> <span class='ocrx_word' id='word_1_56' title='bbox 1181 1324 1188 1333; x_wconf 60' lang='grc'><em>’</em></span> 
     </span>
     <span class='ocr_line' id='line_1_10' title="bbox 95 1406 997 1502; baseline -0.003 -19"><span class='ocrx_word' id='word_1_57' title='bbox 95 1406 103 1417; x_wconf 60' lang='grc'><strong><em>”</em></strong></span> <span class='ocrx_word' id='word_1_58' title='bbox 158 1420 304 1501; x_wconf 87' lang='lat' dir='ltr'>Semper</span> <span class='ocrx_word' id='word_1_59' title='bbox 318 1419 470 1482; x_wconf 88' lang='lat' dir='ltr'>venturis</span> <span class='ocrx_word' id='word_1_60' title='bbox 486 1438 691 1502; x_wconf 90' lang='lat' dir='ltr'>componere</span> <span class='ocrx_word' id='word_1_61' title='bbox 711 1419 857 1482; x_wconf 85' lang='lat' dir='ltr'>carbasa</span> <span class='ocrx_word' id='word_1_62' title='bbox 876 1419 997 1481; x_wconf 88' lang='lat' dir='ltr'>ventis.</span> 
     </span>
     <span class='ocr_line' id='line_1_11' title="bbox 160 1529 1030 1613; baseline -0.006 -19"><span class='ocrx_word' id='word_1_63' title='bbox 160 1530 234 1594; x_wconf 95' lang='lat' dir='ltr'>Hic</span> <span class='ocrx_word' id='word_1_64' title='bbox 251 1529 361 1593; x_wconf 84' lang='lat' dir='ltr'>Latiae</span> <span class='ocrx_word' id='word_1_65' title='bbox 380 1533 491 1592; x_wconf 89' lang='lat' dir='ltr'>rostro</span> <span class='ocrx_word' id='word_1_66' title='bbox 514 1549 716 1612; x_wconf 86' lang='lat' dir='ltr'>compagem</span> <span class='ocrx_word' id='word_1_67' title='bbox 729 1533 868 1613; x_wconf 89' lang='lat' dir='ltr'>ruperat</span> <span class='ocrx_word' id='word_1_68' title='bbox 882 1529 972 1593; x_wconf 87' lang='lat' dir='ltr'>alui:</span> <span class='ocrx_word' id='word_1_69' title='bbox 1028 1587 1030 1589; x_wconf 81' lang='grc'><em>,</em></span> 
     </span>
     <span class='ocr_line' id='line_1_12' title="bbox 104 1639 1007 1722; baseline 0 -20"><span class='ocrx_word' id='word_1_70' title='bbox 104 1657 111 1670; x_wconf 66' lang='lat'>²</span> <span class='ocrx_word' id='word_1_71' title='bbox 160 1639 242 1703; x_wconf 86' lang='lat' dir='ltr'>Pila</span> <span class='ocrx_word' id='word_1_72' title='bbox 258 1641 319 1704; x_wconf 92' lang='lat' dir='ltr'>sed</span> <span class='ocrx_word' id='word_1_73' title='bbox 335 1641 370 1702; x_wconf 94' lang='lat' dir='ltr'>in</span> <span class='ocrx_word' id='word_1_74' title='bbox 380 1640 530 1702; x_wconf 88' lang='lat' dir='ltr'>medium</span> <span class='ocrx_word' id='word_1_75' title='bbox 544 1660 667 1704; x_wconf 89' lang='lat' dir='ltr'>venere</span> <span class='ocrx_word' id='word_1_76' title='bbox 682 1640 859 1704; x_wconf 90' lang='lat' dir='ltr'>trementia</span> <span class='ocrx_word' id='word_1_77' title='bbox 874 1644 1007 1722; x_wconf 79' lang='lat' dir='ltr'>pectuS,</span> 
     </span>
     <span class='ocr_line' id='line_1_13' title="bbox 158 1749 998 1835; baseline 0 -21"><span class='ocrx_word' id='word_1_78' title='bbox 158 1749 361 1835; x_wconf 86' lang='lat' dir='ltr'>Avertitque</span> <span class='ocrx_word' id='word_1_79' title='bbox 377 1756 484 1815; x_wconf 87' lang='lat' dir='ltr'>ratem</span> <span class='ocrx_word' id='word_1_80' title='bbox 503 1753 678 1816; x_wconf 91' lang='lat' dir='ltr'>morientis</span> <span class='ocrx_word' id='word_1_81' title='bbox 694 1753 815 1816; x_wconf 87' lang='lat' dir='ltr'>dextra</span> <span class='ocrx_word' id='word_1_82' title='bbox 835 1752 998 1833; x_wconf 84' lang='lat' dir='ltr'>magistri.</span> 
     </span>
     <span class='ocr_line' id='line_1_14' title="bbox 156 1854 1253 1946; baseline -0.003 -18"><span class='ocrx_word' id='word_1_83' title='bbox 156 1863 256 1928; x_wconf 62' lang='lat' dir='ltr'>‘Dum</span> <span class='ocrx_word' id='word_1_84' title='bbox 272 1864 368 1946; x_wconf 91' lang='lat' dir='ltr'>cupit</span> <span class='ocrx_word' id='word_1_85' title='bbox 378 1864 418 1932; x_wconf 86' lang='lat' dir='ltr'>in</span> <span class='ocrx_word' id='word_1_86' title='bbox 434 1865 566 1928; x_wconf 91' lang='lat' dir='ltr'>sociam</span> <span class='ocrx_word' id='word_1_87' title='bbox 582 1862 738 1945; x_wconf 86' lang='lat' dir='ltr'>Gyareus</span> <span class='ocrx_word' id='word_1_88' title='bbox 749 1881 924 1944; x_wconf 89' lang='lat' dir='ltr'>erumpere</span> <span class='ocrx_word' id='word_1_89' title='bbox 940 1862 1098 1944; x_wconf 83' lang='lat' dir='ltr'>puppim,</span> <span class='ocrx_word' id='word_1_90' title='bbox 1166 1890 1169 1896; x_wconf 57' lang='grc'>’</span> <span class='ocrx_word' id='word_1_91' title='bbox 1251 1854 1253 1857; x_wconf 59' lang='grc'>’</span> 
     </span>
     <span class='ocr_line' id='line_1_15' title="bbox 159 1973 996 2058; baseline -0.002 -21"><span class='ocrx_word' id='word_1_92' title='bbox 159 1974 304 2057; x_wconf 82' lang='lat' dir='ltr'>Excipit</span> <span class='ocrx_word' id='word_1_93' title='bbox 318 1976 507 2039; x_wconf 87' lang='lat' dir='ltr'>immissum</span> <span class='ocrx_word' id='word_1_94' title='bbox 524 1994 693 2058; x_wconf 87' lang='lat' dir='ltr'>suspensa</span> <span class='ocrx_word' id='word_1_95' title='bbox 707 1994 768 2056; x_wconf 93' lang='lat' dir='ltr'>per</span> <span class='ocrx_word' id='word_1_96' title='bbox 787 1975 848 2036; x_wconf 90' lang='lat' dir='ltr'>ilia</span> <span class='ocrx_word' id='word_1_97' title='bbox 862 1973 996 2049; x_wconf 85' lang='lat' dir='ltr'>ferrum,</span> 
     </span>
     <span class='ocr_line' id='line_1_16' title="bbox 159 2085 1039 2170; baseline 0 -20"><span class='ocrx_word' id='word_1_98' title='bbox 159 2085 365 2170; x_wconf 85' lang='lat' dir='ltr'>Affixusque</span> <span class='ocrx_word' id='word_1_99' title='bbox 380 2089 456 2165; x_wconf 91' lang='lat' dir='ltr'>rati,</span> <span class='ocrx_word' id='word_1_100' title='bbox 479 2089 548 2151; x_wconf 92' lang='lat' dir='ltr'>telo</span> <span class='ocrx_word' id='word_1_101' title='bbox 563 2088 738 2162; x_wconf 84' lang='lat' dir='ltr'>retinente,</span> <span class='ocrx_word' id='word_1_102' title='bbox 746 2085 935 2169; x_wconf 85' lang='lat' dir='ltr'>pependit.</span> <span class='ocrx_word' id='word_1_103' title='bbox 1036 2120 1039 2127; x_wconf 33' lang='grc' dir='ltr'>ι</span> 
     </span>
    </p>

    <p class='ocr_par' dir='ltr' id='par_1_3' title="bbox 138 2194 1191 2613">
     <span class='ocr_line' id='line_1_17' title="bbox 204 2194 1070 2280; baseline -0.001 -19"><span class='ocrx_word' id='word_1_104' title='bbox 204 2197 305 2261; x_wconf 85' lang='lat' dir='ltr'>Stant</span> <span class='ocrx_word' id='word_1_105' title='bbox 321 2197 445 2280; x_wconf 88' lang='lat' dir='ltr'>gemini</span> <span class='ocrx_word' id='word_1_106' title='bbox 460 2198 593 2276; x_wconf 85' lang='lat' dir='ltr'>fratres,</span> <span class='ocrx_word' id='word_1_107' title='bbox 608 2197 784 2262; x_wconf 61' lang='lat' dir='ltr'>fecundae·</span> <span class='ocrx_word' id='word_1_108' title='bbox 795 2197 903 2279; x_wconf 88' lang='lat' dir='ltr'>gloria</span> <span class='ocrx_word' id='word_1_109' title='bbox 917 2194 1047 2270; x_wconf 86' lang='lat' dir='ltr'>matris,</span> <span class='ocrx_word' id='word_1_110' title='bbox 1068 2231 1070 2236; x_wconf 92' lang='lat'>·</span> 
     </span>
     <span class='ocr_line' id='line_1_18' title="bbox 160 2307 981 2391; baseline -0.004 -19"><span class='ocrx_word' id='word_1_111' title='bbox 160 2307 261 2386; x_wconf 83' lang='lat' dir='ltr'>Quos</span> <span class='ocrx_word' id='word_1_112' title='bbox 276 2309 397 2373; x_wconf 89' lang='lat' dir='ltr'>eadem</span> <span class='ocrx_word' id='word_1_113' title='bbox 412 2310 516 2373; x_wconf 86' lang='lat' dir='ltr'>variis</span> <span class='ocrx_word' id='word_1_114' title='bbox 532 2313 717 2391; x_wconf 89' lang='lat' dir='ltr'>genuerunt</span> <span class='ocrx_word' id='word_1_115' title='bbox 731 2308 866 2372; x_wconf 87' lang='lat' dir='ltr'>viscera</span> <span class='ocrx_word' id='word_1_116' title='bbox 880 2307 981 2370; x_wconf 87' lang='lat' dir='ltr'>fatis:</span> 
     </span>
     <span class='ocr_line' id='line_1_19' title="bbox 138 2417 1191 2505; baseline -0.002 -21"><span class='ocrx_word' id='word_1_117' title='bbox 138 2452 142 2462; x_wconf 68' lang='lat'>‹</span> <span class='ocrx_word' id='word_1_118' title='bbox 158 2417 354 2505; x_wconf 87' lang='lat' dir='ltr'>(Discrevit</span> <span class='ocrx_word' id='word_1_119' title='bbox 362 2440 458 2493; x_wconf 51' lang='lat' dir='ltr'>¹,mors</span> <span class='ocrx_word' id='word_1_120' title='bbox 475 2422 696 2486; x_wconf 85' lang='lat' dir='ltr'>saevaviros:</span> <span class='ocrx_word' id='word_1_121' title='bbox 717 2426 891 2502; x_wconf 81' lang='lat' dir='ltr'>unumque</span> <span class='ocrx_word' id='word_1_122' title='bbox 906 2419 1061 2501; x_wconf 86' lang='lat' dir='ltr'>relictum</span> <span class='ocrx_word' id='word_1_123' title='bbox 1143 2489 1152 2498; x_wconf 36' lang='lat'>„</span> <span class='ocrx_word' id='word_1_124' title='bbox 1187 2480 1191 2487; x_wconf 52' lang='lat'>.</span> 
     </span>
     <span class='ocr_line' id='line_1_20' title="bbox 163 2529 965 2613; baseline -0.001 -20"><span class='ocrx_word' id='word_1_125' title='bbox 163 2529 346 2613; x_wconf 87' lang='lat' dir='ltr'>Agnorunt</span> <span class='ocrx_word' id='word_1_126' title='bbox 360 2532 487 2608; x_wconf 92' lang='lat' dir='ltr'>miseri,</span> <span class='ocrx_word' id='word_1_127' title='bbox 504 2533 639 2595; x_wconf 88' lang='lat' dir='ltr'>sublato</span> <span class='ocrx_word' id='word_1_128' title='bbox 655 2551 777 2607; x_wconf 89' lang='lat' dir='ltr'>errore,</span> <span class='ocrx_word' id='word_1_129' title='bbox 794 2534 965 2612; x_wconf 81' lang='lat' dir='ltr'>parenteS,</span> 
     </span>
    </p>
   </div>
   <div class='ocr_carea' id='block_1_3' title="bbox 162 2641 1024 2730">
    <p class='ocr_par' dir='ltr' id='par_1_4' title="bbox 162 2641 1024 2730">
     <span class='ocr_line' id='line_1_21' title="bbox 162 2641 1024 2730; baseline 0 -26"><span class='ocrx_word' id='word_1_130' title='bbox 162 2641 315 2706; x_wconf 87' lang='lat' dir='ltr'>AEtemis</span> <span class='ocrx_word' id='word_1_131' title='bbox 332 2661 473 2706; x_wconf 87' lang='lat' dir='ltr'>causam</span> <span class='ocrx_word' id='word_1_132' title='bbox 488 2643 669 2726; x_wconf 83' lang='lat' dir='ltr'>lacrymis:</span> <span class='ocrx_word' id='word_1_133' title='bbox 692 2647 784 2706; x_wconf 92' lang='lat' dir='ltr'>tenet</span> <span class='ocrx_word' id='word_1_134' title='bbox 798 2641 855 2706; x_wconf 94' lang='lat' dir='ltr'>ille</span> <span class='ocrx_word' id='word_1_135' title='bbox 872 2641 1024 2730; x_wconf 88' lang='lat' dir='ltr'>dolorem</span> 
     </span>
    </p>
   </div>
   <div class='ocr_carea' id='block_1_4' title="bbox 159 2799 1343 2864">
    <p class='ocr_par' dir='ltr' id='par_1_5' title="bbox 159 2799 1343 2864">
     <span class='ocr_line' id='line_1_22' title="bbox 159 2799 1343 2864; baseline -0.003 -15"><span class='ocrx_word' id='word_1_136' title='bbox 159 2802 209 2853; x_wconf 91' lang='grc'><strong>591</strong></span> <span class='ocrx_word' id='word_1_137' title='bbox 227 2802 364 2864; x_wconf 77' lang='lat' dir='ltr'>spargitque.</span> <span class='ocrx_word' id='word_1_138' title='bbox 431 2803 596 2855; x_wconf 70' lang='lat' dir='ltr'>servabere.</span> <span class='ocrx_word' id='word_1_139' title='bbox 671 2803 719 2851; x_wconf 71' lang='lat'>592</span> <span class='ocrx_word' id='word_1_140' title='bbox 736 2801 787 2847; x_wconf 83' lang='lat' dir='ltr'>lac.</span> <span class='ocrx_word' id='word_1_141' title='bbox 865 2803 913 2850; x_wconf 79' lang='grc'><strong>599</strong></span> <span class='ocrx_word' id='word_1_142' title='bbox 928 2816 1031 2863; x_wconf 83' lang='lat' dir='ltr'>puppem.</span> <span class='ocrx_word' id='word_1_143' title='bbox 1108 2799 1270 2848; x_wconf 68' lang='lat' dir='ltr'>seruatoris.</span> <span class='ocrx_word' id='word_1_144' title='bbox 1334 2830 1343 2844; x_wconf 76' lang='lat'>.</span> 
     </span>
    </p>
   </div>
   <div class='ocr_carea' id='block_1_5' title="bbox 265 2877 1160 2942">
    <p class='ocr_par' dir='ltr' id='par_1_6' title="bbox 265 2877 1160 2942">
     <span class='ocr_line' id='line_1_23' title="bbox 265 2877 1160 2942; baseline 0 -16"><span class='ocrx_word' id='word_1_145' title='bbox 265 2881 313 2926; x_wconf 85' lang='grc'><strong>598</strong></span> <span class='ocrx_word' id='word_1_146' title='bbox 332 2877 391 2925; x_wconf 82' lang='lat' dir='ltr'>Tela.</span> <span class='ocrx_word' id='word_1_147' title='bbox 459 2883 507 2930; x_wconf 85' lang='grc'>600</span> <span class='ocrx_word' id='word_1_148' title='bbox 523 2881 656 2942; x_wconf 80' lang='lat' dir='ltr'>irrumpere.</span> <span class='ocrx_word' id='word_1_149' title='bbox 723 2882 772 2928; x_wconf 84' lang='lat'>600</span> <span class='ocrx_word' id='word_1_150' title='bbox 786 2893 891 2940; x_wconf 85' lang='lat' dir='ltr'>puppem.</span> <span class='ocrx_word' id='word_1_151' title='bbox 958 2882 1006 2930; x_wconf 85' lang='grc'>601</span> <span class='ocrx_word' id='word_1_152' title='bbox 1022 2881 1160 2930; x_wconf 83' lang='lat' dir='ltr'>immensum.</span> 
     </span>
    </p>
   </div>
   <div class='ocr_carea' id='block_1_6' title="bbox 138 3017 1334 4200">
    <p class='ocr_par' dir='ltr' id='par_1_7' title="bbox 159 3017 1334 3344">
     <span class='ocr_line' id='line_1_24' title="bbox 194 3017 1155 3084; baseline -0.004 -16"><span class='ocrx_word' id='word_1_153' title='bbox 194 3021 244 3068; x_wconf 83' lang='grc'><strong>588</strong></span> <span class='ocrx_word' id='word_1_154' title='bbox 263 3018 426 3083; x_wconf 67' lang='lat' dir='ltr'>Transigitur]</span> <span class='ocrx_word' id='word_1_155' title='bbox 443 3021 497 3068; x_wconf 90' lang='lat' dir='ltr'>Non</span> <span class='ocrx_word' id='word_1_156' title='bbox 509 3019 660 3084; x_wconf 80' lang='lat' dir='ltr'>transfigitur,</span> <span class='ocrx_word' id='word_1_157' title='bbox 677 3027 703 3067; x_wconf 89' lang='lat' dir='ltr'>ut</span> <span class='ocrx_word' id='word_1_158' title='bbox 728 3026 884 3080; x_wconf 79' lang='lat' dir='ltr'>occupaturus</span> <span class='ocrx_word' id='word_1_159' title='bbox 895 3035 977 3066; x_wconf 86' lang='lat' dir='ltr'>munus</span> <span class='ocrx_word' id='word_1_160' title='bbox 985 3017 1080 3066; x_wconf 84' lang='lat' dir='ltr'>Telonis</span> <span class='ocrx_word' id='word_1_161' title='bbox 1092 3019 1155 3066; x_wconf 79' lang='lat' dir='ltr'>caesi.</span> 
     </span>
     <span class='ocr_line' id='line_1_25' title="bbox 159 3082 1270 3148; baseline -0.005 -13"><span class='ocrx_word' id='word_1_162' title='bbox 159 3084 703 3148; x_wconf 79' lang='lat' dir='ltr'>nonnullaexemplaria:repugnatenimquan·</span> <span class='ocrx_word' id='word_1_163' title='bbox 728 3096 729 3103; x_wconf 59' lang='lat'>¹</span> <span class='ocrx_word' id='word_1_164' title='bbox 762 3088 818 3136; x_wconf 77' lang='grc'>609.</span> <span class='ocrx_word' id='word_1_165' title='bbox 838 3082 966 3146; x_wconf 79' lang='lat' dir='ltr'>Affiuusqae</span> <span class='ocrx_word' id='word_1_166' title='bbox 986 3086 1041 3140; x_wconf 88' lang='lat' dir='ltr'>rati,</span> <span class='ocrx_word' id='word_1_167' title='bbox 1058 3083 1114 3146; x_wconf 64' lang='grc' dir='ltr'>δια]</span> <span class='ocrx_word' id='word_1_168' title='bbox 1139 3084 1270 3146; x_wconf 72' lang='lat' dir='ltr'>Telaque</span> 
     </span>
     <span class='ocr_line' id='line_1_26' title="bbox 160 3149 1134 3212; baseline -0.002 -15"><span class='ocrx_word' id='word_1_169' title='bbox 160 3151 217 3198; x_wconf 85' lang='lat' dir='ltr'>titas</span> <span class='ocrx_word' id='word_1_170' title='bbox 229 3151 416 3212; x_wconf 70' lang='lat' dir='ltr'>antepenultima</span> <span class='ocrx_word' id='word_1_171' title='bbox 436 3152 537 3212; x_wconf 72' lang='lat' dir='ltr'>syllabae.</span> <span class='ocrx_word' id='word_1_172' title='bbox 557 3151 633 3198; x_wconf 87' lang='lat' dir='ltr'>Medio</span> <span class='ocrx_word' id='word_1_173' title='bbox 652 3167 703 3198; x_wconf 85' lang='lat' dir='ltr'>coa·</span> <span class='ocrx_word' id='word_1_174' title='bbox 727 3150 861 3198; x_wconf 87' lang='lat' dir='ltr'>vulneratus</span> <span class='ocrx_word' id='word_1_175' title='bbox 869 3156 912 3206; x_wconf 89' lang='lat' dir='ltr'>est,</span> <span class='ocrx_word' id='word_1_176' title='bbox 929 3149 1062 3210; x_wconf 82' lang='lat' dir='ltr'>affigebatur</span> <span class='ocrx_word' id='word_1_177' title='bbox 1072 3149 1134 3199; x_wconf 84' lang='lat' dir='ltr'>navi.</span> 
     </span>
     <span class='ocr_line' id='line_1_27' title="bbox 161 3212 1059 3280; baseline 0 -18"><span class='ocrx_word' id='word_1_178' title='bbox 161 3216 244 3269; x_wconf 73' lang='lat' dir='ltr'>currit,</span> <span class='ocrx_word' id='word_1_179' title='bbox 262 3214 318 3278; x_wconf 76' lang='lat' dir='ltr'>dte]</span> <span class='ocrx_word' id='word_1_180' title='bbox 337 3216 464 3276; x_wconf 85' lang='lat' dir='ltr'>Utriusque</span> <span class='ocrx_word' id='word_1_181' title='bbox 476 3218 547 3262; x_wconf 85' lang='lat' dir='ltr'>bastae</span> <span class='ocrx_word' id='word_1_182' title='bbox 564 3217 644 3280; x_wconf 88' lang='lat' dir='ltr'>cuspis</span> <span class='ocrx_word' id='word_1_183' title='bbox 657 3215 703 3262; x_wconf 86' lang='lat' dir='ltr'>sibi</span> <span class='ocrx_word' id='word_1_184' title='bbox 761 3218 817 3262; x_wconf 81' lang='lat'>604.</span> <span class='ocrx_word' id='word_1_185' title='bbox 838 3212 946 3276; x_wconf 82' lang='lat' dir='ltr'>Viscera]</span> <span class='ocrx_word' id='word_1_186' title='bbox 965 3217 1059 3262; x_wconf 84' lang='lat' dir='ltr'>Uterus.</span> 
     </span>
     <span class='ocr_line' id='line_1_28' title="bbox 161 3277 1334 3344; baseline -0.003 -17"><span class='ocrx_word' id='word_1_187' title='bbox 161 3280 234 3333; x_wconf 84' lang='lat' dir='ltr'>obvia</span> <span class='ocrx_word' id='word_1_188' title='bbox 245 3281 305 3327; x_wconf 83' lang='lat' dir='ltr'>facta</span> <span class='ocrx_word' id='word_1_189' title='bbox 316 3288 352 3328; x_wconf 90' lang='lat' dir='ltr'>est</span> <span class='ocrx_word' id='word_1_190' title='bbox 363 3281 387 3327; x_wconf 88' lang='lat' dir='ltr'>in</span> <span class='ocrx_word' id='word_1_191' title='bbox 396 3282 474 3328; x_wconf 88' lang='lat' dir='ltr'>medio</span> <span class='ocrx_word' id='word_1_192' title='bbox 485 3297 590 3341; x_wconf 85' lang='lat' dir='ltr'>corpore.</span> <span class='ocrx_word' id='word_1_193' title='bbox 762 3283 819 3329; x_wconf 87' lang='grc'><strong>605,</strong></span> <span class='ocrx_word' id='word_1_194' title='bbox 837 3277 966 3340; x_wconf 78' lang='lat' dir='ltr'>Discrevit]</span> <span class='ocrx_word' id='word_1_195' title='bbox 984 3280 1085 3326; x_wconf 87' lang='lat' dir='ltr'>Omnino</span> <span class='ocrx_word' id='word_1_196' title='bbox 1091 3278 1223 3344; x_wconf 83' lang='lat' dir='ltr'>parenthesi</span> <span class='ocrx_word' id='word_1_197' title='bbox 1231 3277 1269 3325; x_wconf 85' lang='lat' dir='ltr'>bie</span> <span class='ocrx_word' id='word_1_198' title='bbox 1333 3312 1334 3315; x_wconf 18' lang='grc' dir='ltr'><em>η</em></span> 
     </span>
    </p>

    <p class='ocr_par' dir='ltr' id='par_1_8' title="bbox 161 3343 1270 3479">
     <span class='ocr_line' id='line_1_29' title="bbox 195 3343 1270 3410; baseline -0.005 -16"><span class='ocrx_word' id='word_1_199' title='bbox 195 3347 252 3394; x_wconf 86' lang='grc'><strong>589.</strong></span> <span class='ocrx_word' id='word_1_200' title='bbox 272 3345 322 3399; x_wconf 85' lang='lat' dir='ltr'>Quo</span> <span class='ocrx_word' id='word_1_201' title='bbox 332 3346 425 3392; x_wconf 85' lang='lat' dir='ltr'>vulnere</span> <span class='ocrx_word' id='word_1_202' title='bbox 435 3345 548 3410; x_wconf 76' lang='lat' dir='ltr'>sanguis]</span> <span class='ocrx_word' id='word_1_203' title='bbox 565 3346 702 3393; x_wconf 84' lang='lat' dir='ltr'>Auticonee</span> <span class='ocrx_word' id='word_1_204' title='bbox 729 3359 795 3404; x_wconf 89' lang='lat' dir='ltr'>opus,</span> <span class='ocrx_word' id='word_1_205' title='bbox 816 3359 884 3404; x_wconf 87' lang='lat' dir='ltr'>quam</span> <span class='ocrx_word' id='word_1_206' title='bbox 899 3345 974 3391; x_wconf 83' lang='lat' dir='ltr'>visum</span> <span class='ocrx_word' id='word_1_207' title='bbox 991 3351 1027 3391; x_wconf 86' lang='lat' dir='ltr'>est</span> <span class='ocrx_word' id='word_1_208' title='bbox 1043 3345 1137 3390; x_wconf 86' lang='lat' dir='ltr'>addere.</span> <span class='ocrx_word' id='word_1_209' title='bbox 1156 3343 1270 3394; x_wconf 77' lang='lat' dir='ltr'>Discrevit</span> 
     </span>
     <span class='ocr_line' id='line_1_30' title="bbox 161 3408 1270 3479; baseline -0.002 -24"><span class='ocrx_word' id='word_1_210' title='bbox 161 3417 266 3479; x_wconf 81' lang='lat' dir='ltr'>pectore,</span> <span class='ocrx_word' id='word_1_211' title='bbox 284 3427 312 3457; x_wconf 82' lang='lat' dir='ltr'>an</span> <span class='ocrx_word' id='word_1_212' title='bbox 323 3413 413 3474; x_wconf 88' lang='lat' dir='ltr'>postico</span> <span class='ocrx_word' id='word_1_213' title='bbox 425 3428 438 3458; x_wconf 91' lang='lat' dir='ltr'>e</span> <span class='ocrx_word' id='word_1_214' title='bbox 448 3418 522 3472; x_wconf 79' lang='lat' dir='ltr'>tergo.</span> <span class='ocrx_word' id='word_1_215' title='bbox 727 3424 784 3455; x_wconf 84' lang='lat' dir='ltr'>mors</span> <span class='ocrx_word' id='word_1_216' title='bbox 794 3424 850 3456; x_wconf 80' lang='lat' dir='ltr'>seua</span> <span class='ocrx_word' id='word_1_217' title='bbox 861 3409 924 3456; x_wconf 83' lang='lat' dir='ltr'>uiros.</span> <span class='ocrx_word' id='word_1_218' title='bbox 942 3409 1045 3456; x_wconf 77' lang='lat' dir='ltr'>imitatio</span> <span class='ocrx_word' id='word_1_219' title='bbox 1053 3409 1189 3469; x_wconf 77' lang='lat' dir='ltr'>virgiliana.</span> <span class='ocrx_word' id='word_1_220' title='bbox 1201 3408 1270 3455; x_wconf 86' lang='lat' dir='ltr'>Dau-</span> 
     </span>
    </p>

    <p class='ocr_par' dir='ltr' id='par_1_9' title="bbox 197 3472 1271 3538">
     <span class='ocr_line' id='line_1_31' title="bbox 197 3472 1271 3538; baseline -0.006 -14"><span class='ocrx_word' id='word_1_221' title='bbox 197 3477 253 3524; x_wconf 87' lang='lat'>591.</span> <span class='ocrx_word' id='word_1_222' title='bbox 273 3475 397 3537; x_wconf 78' lang='lat' dir='ltr'>Divisitque</span> <span class='ocrx_word' id='word_1_223' title='bbox 408 3477 513 3534; x_wconf 83' lang='lat' dir='ltr'>animam,</span> <span class='ocrx_word' id='word_1_224' title='bbox 526 3475 581 3538; x_wconf 71' lang='grc' dir='ltr'>δια]</span> <span class='ocrx_word' id='word_1_225' title='bbox 595 3477 703 3525; x_wconf 86' lang='lat' dir='ltr'>Exutro-</span> <span class='ocrx_word' id='word_1_226' title='bbox 728 3475 765 3520; x_wconf 83' lang='lat' dir='ltr'>cta</span> <span class='ocrx_word' id='word_1_227' title='bbox 788 3473 888 3530; x_wconf 83' lang='lat' dir='ltr'>Laride,</span> <span class='ocrx_word' id='word_1_228' title='bbox 912 3473 1047 3536; x_wconf 80' lang='lat' dir='ltr'>Tymberque</span> <span class='ocrx_word' id='word_1_229' title='bbox 1064 3475 1167 3520; x_wconf 84' lang='lat' dir='ltr'>similima</span> <span class='ocrx_word' id='word_1_230' title='bbox 1189 3472 1271 3534; x_wconf 81' lang='lat' dir='ltr'>proles,</span> 
     </span>
    </p>

    <p class='ocr_par' dir='ltr' id='par_1_10' title="bbox 138 3537 1269 3606">
     <span class='ocr_line' id='line_1_32' title="bbox 138 3537 1269 3606; baseline -0.004 -18"><span class='ocrx_word' id='word_1_231' title='bbox 138 3538 141 3543; x_wconf 84' lang='grc'><strong>’</strong></span> <span class='ocrx_word' id='word_1_232' title='bbox 162 3557 209 3606; x_wconf 85' lang='lat' dir='ltr'>que</span> <span class='ocrx_word' id='word_1_233' title='bbox 217 3542 314 3588; x_wconf 86' lang='lat' dir='ltr'>vulnere</span> <span class='ocrx_word' id='word_1_234' title='bbox 327 3541 411 3587; x_wconf 83' lang='lat' dir='ltr'>emisit.</span> <span class='ocrx_word' id='word_1_235' title='bbox 430 3560 435 3568; x_wconf 67' lang='lat'><strong>⁴</strong></span> <span class='ocrx_word' id='word_1_236' title='bbox 729 3537 854 3586; x_wconf 79' lang='lat' dir='ltr'>indiscreta</span> <span class='ocrx_word' id='word_1_237' title='bbox 865 3540 911 3585; x_wconf 85' lang='lat' dir='ltr'>sais</span> <span class='ocrx_word' id='word_1_238' title='bbox 923 3546 1046 3602; x_wconf 83' lang='lat' dir='ltr'>gratusque</span> <span class='ocrx_word' id='word_1_239' title='bbox 1058 3539 1187 3599; x_wconf 85' lang='lat' dir='ltr'>parentibus</span> <span class='ocrx_word' id='word_1_240' title='bbox 1198 3553 1269 3595; x_wconf 83' lang='lat' dir='ltr'>error,</span> 
     </span>
    </p>

    <p class='ocr_par' dir='ltr' id='par_1_11' title="bbox 164 3598 1270 3732">
     <span class='ocr_line' id='line_1_33' title="bbox 198 3598 1270 3668; baseline -0.005 -14"><span class='ocrx_word' id='word_1_241' title='bbox 198 3607 254 3654; x_wconf 78' lang='lat'>592.</span> <span class='ocrx_word' id='word_1_242' title='bbox 274 3605 380 3668; x_wconf 77' lang='lat' dir='ltr'>Telonis]</span> <span class='ocrx_word' id='word_1_243' title='bbox 398 3605 554 3654; x_wconf 78' lang='lat' dir='ltr'>Massiliensis</span> <span class='ocrx_word' id='word_1_244' title='bbox 576 3607 641 3654; x_wconf 88' lang='lat' dir='ltr'>navis</span> <span class='ocrx_word' id='word_1_245' title='bbox 664 3622 702 3668; x_wconf 86' lang='lat' dir='ltr'>gu·</span> <span class='ocrx_word' id='word_1_246' title='bbox 728 3598 1270 3664; x_wconf 77' lang='lat' dir='ltr'>Atnuacdaradeditvobisdiscn&#39;miaaPallas,</span> 
     </span>
     <span class='ocr_line' id='line_1_34' title="bbox 164 3667 1269 3732; baseline -0.005 -13"><span class='ocrx_word' id='word_1_247' title='bbox 164 3672 303 3720; x_wconf 86' lang='lat' dir='ltr'>bernatoris.</span> <span class='ocrx_word' id='word_1_248' title='bbox 728 3668 773 3714; x_wconf 74' lang='lat' dir='ltr'>&amp;a</span> <span class='ocrx_word' id='word_1_249' title='bbox 790 3669 831 3715; x_wconf 91' lang='lat' dir='ltr'>lib.</span> <span class='ocrx_word' id='word_1_250' title='bbox 845 3671 883 3715; x_wconf 90' lang='lat'>10.</span> <span class='ocrx_word' id='word_1_251' title='bbox 900 3668 994 3714; x_wconf 85' lang='lat' dir='ltr'>AEueid.</span> <span class='ocrx_word' id='word_1_252' title='bbox 1015 3667 1133 3730; x_wconf 84' lang='lat' dir='ltr'>Unumque</span> <span class='ocrx_word' id='word_1_253' title='bbox 1141 3667 1269 3732; x_wconf 66' lang='lat' dir='ltr'>relictura]</span> 
     </span>
    </p>

    <p class='ocr_par' dir='ltr' id='par_1_12' title="bbox 163 3732 1270 3926">
     <span class='ocr_line' id='line_1_35' title="bbox 197 3732 1270 3798; baseline -0.003 -13"><span class='ocrx_word' id='word_1_254' title='bbox 197 3739 254 3786; x_wconf 85' lang='grc'><strong>593.</strong></span> <span class='ocrx_word' id='word_1_255' title='bbox 274 3735 326 3789; x_wconf 79' lang='lat' dir='ltr'>Qua</span> <span class='ocrx_word' id='word_1_256' title='bbox 344 3735 432 3782; x_wconf 80' lang='lat' dir='ltr'>nullam</span> <span class='ocrx_word' id='word_1_257' title='bbox 452 3735 552 3798; x_wconf 75' lang='lat' dir='ltr'>melias]</span> <span class='ocrx_word' id='word_1_258' title='bbox 578 3738 641 3796; x_wconf 76' lang='lat' dir='ltr'>Qua,</span> <span class='ocrx_word' id='word_1_259' title='bbox 657 3752 704 3783; x_wconf 86' lang='lat' dir='ltr'>non</span> <span class='ocrx_word' id='word_1_260' title='bbox 729 3732 1270 3794; x_wconf 80' lang='lat' dir='ltr'>Alterumsuperstitempareutesinternoscen-</span> 
     </span>
     <span class='ocr_line' id='line_1_36' title="bbox 163 3798 1270 3860; baseline -0.003 -12"><span class='ocrx_word' id='word_1_261' title='bbox 163 3800 232 3848; x_wconf 76' lang='lat' dir='ltr'>alteri</span> <span class='ocrx_word' id='word_1_262' title='bbox 243 3801 326 3848; x_wconf 88' lang='lat' dir='ltr'>melius</span> <span class='ocrx_word' id='word_1_263' title='bbox 344 3807 469 3860; x_wconf 83' lang='lat' dir='ltr'>paruerunt</span> <span class='ocrx_word' id='word_1_264' title='bbox 483 3810 563 3858; x_wconf 85' lang='lat' dir='ltr'>naves,</span> <span class='ocrx_word' id='word_1_265' title='bbox 579 3803 637 3848; x_wconf 86' lang='lat' dir='ltr'>mari</span> <span class='ocrx_word' id='word_1_266' title='bbox 656 3809 704 3848; x_wconf 89' lang='lat' dir='ltr'>tur-</span> <span class='ocrx_word' id='word_1_267' title='bbox 729 3799 754 3844; x_wconf 88' lang='lat' dir='ltr'>di</span> <span class='ocrx_word' id='word_1_268' title='bbox 773 3799 864 3845; x_wconf 86' lang='lat' dir='ltr'>sublata</span> <span class='ocrx_word' id='word_1_269' title='bbox 886 3798 1027 3854; x_wconf 82' lang='lat' dir='ltr'>difficultate,</span> <span class='ocrx_word' id='word_1_270' title='bbox 1050 3798 1119 3844; x_wconf 82' lang='lat' dir='ltr'>facile</span> <span class='ocrx_word' id='word_1_271' title='bbox 1148 3807 1270 3854; x_wconf 83' lang='lat' dir='ltr'>noverunt,</span> 
     </span>
     <span class='ocr_line' id='line_1_37' title="bbox 163 3855 1270 3926; baseline 0 -14"><span class='ocrx_word' id='word_1_272' title='bbox 163 3869 219 3924; x_wconf 80' lang='lat' dir='ltr'>beto</span> <span class='ocrx_word' id='word_1_273' title='bbox 230 3873 255 3912; x_wconf 87' lang='lat' dir='ltr'>et</span> <span class='ocrx_word' id='word_1_274' title='bbox 265 3882 358 3912; x_wconf 86' lang='lat' dir='ltr'>eorsum</span> <span class='ocrx_word' id='word_1_275' title='bbox 368 3866 516 3926; x_wconf 82' lang='lat' dir='ltr'>impediente.</span> <span class='ocrx_word' id='word_1_276' title='bbox 730 3879 782 3911; x_wconf 90' lang='lat' dir='ltr'>cum</span> <span class='ocrx_word' id='word_1_277' title='bbox 795 3864 943 3910; x_wconf 87' lang='lat' dir='ltr'>vehementer</span> <span class='ocrx_word' id='word_1_278' title='bbox 960 3855 1048 3911; x_wconf 79' lang='lat' dir='ltr'>similes</span> <span class='ocrx_word' id='word_1_279' title='bbox 1069 3870 1154 3920; x_wconf 87' lang='lat' dir='ltr'>essent,</span> <span class='ocrx_word' id='word_1_280' title='bbox 1167 3870 1194 3910; x_wconf 90' lang='lat' dir='ltr'>ut</span> <span class='ocrx_word' id='word_1_281' title='bbox 1209 3863 1270 3912; x_wconf 89' lang='lat' dir='ltr'>inter</span> 
     </span>
    </p>

    <p class='ocr_par' dir='ltr' id='par_1_13' title="bbox 198 3929 1273 3992">
     <span class='ocr_line' id='line_1_38' title="bbox 198 3929 1273 3992; baseline -0.002 -14"><span class='ocrx_word' id='word_1_282' title='bbox 198 3933 254 3986; x_wconf 82' lang='lat'>594.</span> <span class='ocrx_word' id='word_1_283' title='bbox 274 3929 323 3978; x_wconf 90' lang='lat' dir='ltr'>Nec</span> <span class='ocrx_word' id='word_1_284' title='bbox 340 3930 380 3977; x_wconf 81' lang='lat' dir='ltr'>lua</span> <span class='ocrx_word' id='word_1_285' title='bbox 400 3939 439 3988; x_wconf 81' lang='lat' dir='ltr'>est,</span> <span class='ocrx_word' id='word_1_286' title='bbox 458 3929 514 3992; x_wconf 66' lang='grc' dir='ltr'>δια]</span> <span class='ocrx_word' id='word_1_287' title='bbox 540 3933 624 3992; x_wconf 85' lang='lat' dir='ltr'>Neque</span> <span class='ocrx_word' id='word_1_288' title='bbox 645 3931 705 3978; x_wconf 81' lang='lat' dir='ltr'>alius</span> <span class='ocrx_word' id='word_1_289' title='bbox 730 3929 798 3975; x_wconf 87' lang='lat' dir='ltr'>vivos</span> <span class='ocrx_word' id='word_1_290' title='bbox 811 3944 857 3974; x_wconf 90' lang='lat' dir='ltr'>non</span> <span class='ocrx_word' id='word_1_291' title='bbox 871 3929 1042 3989; x_wconf 83' lang='lat' dir='ltr'>dignoscerent.</span> <span class='ocrx_word' id='word_1_292' title='bbox 1054 3929 1165 3977; x_wconf 80' lang='lat' dir='ltr'>&#39;Allusum</span> <span class='ocrx_word' id='word_1_293' title='bbox 1176 3929 1273 3984; x_wconf 73' lang='lat' dir='ltr'>videtne</span> 
     </span>
    </p>

    <p class='ocr_par' dir='ltr' id='par_1_14' title="bbox 163 3991 1271 4200">
     <span class='ocr_line' id='line_1_39' title="bbox 181 3991 1271 4060; baseline -0.001 -18"><span class='ocrx_word' id='word_1_294' title='bbox 181 3996 287 4060; x_wconf 71' lang='lat' dir='ltr'>uisqugm</span> <span class='ocrx_word' id='word_1_295' title='bbox 308 3995 390 4043; x_wconf 86' lang='lat' dir='ltr'>melius</span> <span class='ocrx_word' id='word_1_296' title='bbox 410 3995 548 4056; x_wconf 79' lang='lat' dir='ltr'>explorabat</span> <span class='ocrx_word' id='word_1_297' title='bbox 570 3996 705 4057; x_wconf 83' lang='lat' dir='ltr'>praeseatie·</span> <span class='ocrx_word' id='word_1_298' title='bbox 730 3994 758 4040; x_wconf 84' lang='lat' dir='ltr'>sd</span> <span class='ocrx_word' id='word_1_299' title='bbox 777 3993 836 4039; x_wconf 91' lang='lat' dir='ltr'>illud</span> <span class='ocrx_word' id='word_1_300' title='bbox 856 3993 967 4053; x_wconf 86' lang='lat' dir='ltr'>Virgilii:</span> <span class='ocrx_word' id='word_1_301' title='bbox 986 3991 1058 4054; x_wconf 78' lang='lat' dir='ltr'>proles</span> <span class='ocrx_word' id='word_1_302' title='bbox 1075 3991 1200 4043; x_wconf 82' lang='lat' dir='ltr'>Iadlscreta</span> <span class='ocrx_word' id='word_1_303' title='bbox 1217 3995 1271 4051; x_wconf 78' lang='lat' dir='ltr'>atis,</span> 
     </span>
     <span class='ocr_line' id='line_1_40' title="bbox 163 4014 1191 4122; baseline -0.002 -15"><span class='ocrx_word' id='word_1_304' title='bbox 163 4014 250 4121; x_wconf 65' lang='lat' dir='ltr'>datque</span> <span class='ocrx_word' id='word_1_305' title='bbox 260 4066 361 4106; x_wconf 86' lang='lat' dir='ltr'>venturae</span> <span class='ocrx_word' id='word_1_306' title='bbox 380 4059 428 4106; x_wconf 92' lang='lat' dir='ltr'>diei</span> <span class='ocrx_word' id='word_1_307' title='bbox 443 4067 524 4107; x_wconf 84' lang='lat' dir='ltr'>ventos</span> <span class='ocrx_word' id='word_1_308' title='bbox 535 4067 705 4122; x_wconf 78' lang='lat' dir='ltr'>tempestatem·</span> <span class='ocrx_word' id='word_1_309' title='bbox 727 4065 850 4121; x_wconf 81' lang='lat' dir='ltr'>gratusque</span> <span class='ocrx_word' id='word_1_310' title='bbox 858 4059 986 4119; x_wconf 84' lang='lat' dir='ltr'>pareatibus</span> <span class='ocrx_word' id='word_1_311' title='bbox 995 4073 1063 4105; x_wconf 87' lang='lat' dir='ltr'>error.</span> <span class='ocrx_word' id='word_1_312' title='bbox 1080 4059 1191 4106; x_wconf 88' lang='lat' dir='ltr'>Hortens.</span> 
     </span>
     <span class='ocr_line' id='line_1_41' title="bbox 164 4121 1268 4200; baseline -0.003 -28"><span class='ocrx_word' id='word_1_313' title='bbox 164 4141 211 4200; x_wconf 75' lang='lat' dir='ltr'>qne</span> <span class='ocrx_word' id='word_1_314' title='bbox 220 4142 251 4172; x_wconf 86' lang='lat' dir='ltr'>ex</span> <span class='ocrx_word' id='word_1_315' title='bbox 262 4133 358 4187; x_wconf 83' lang='lat' dir='ltr'>aspectu</span> <span class='ocrx_word' id='word_1_316' title='bbox 369 4125 431 4172; x_wconf 89' lang='lat' dir='ltr'>Solis</span> <span class='ocrx_word' id='word_1_317' title='bbox 440 4132 480 4172; x_wconf 89' lang='lat' dir='ltr'>aut</span> <span class='ocrx_word' id='word_1_318' title='bbox 490 4127 569 4172; x_wconf 82' lang='lat' dir='ltr'>Lunae.</span> <span class='ocrx_word' id='word_1_319' title='bbox 763 4126 820 4170; x_wconf 83' lang='lat'>606.</span> <span class='ocrx_word' id='word_1_320' title='bbox 836 4123 927 4170; x_wconf 82' lang='lat' dir='ltr'>Sublato</span> <span class='ocrx_word' id='word_1_321' title='bbox 935 4121 1028 4185; x_wconf 83' lang='lat' dir='ltr'>errore]</span> <span class='ocrx_word' id='word_1_322' title='bbox 1045 4125 1171 4174; x_wconf 87' lang='lat' dir='ltr'>Interfecto</span> <span class='ocrx_word' id='word_1_323' title='bbox 1186 4124 1268 4178; x_wconf 82' lang='lat' dir='ltr'>altero.</span> 
     </span>
    </p>
   </div>
   <div class='ocr_carea' id='block_1_7' title="bbox 198 4187 1358 4254">
    <p class='ocr_par' dir='ltr' id='par_1_15' title="bbox 198 4187 1358 4254">
     <span class='ocr_line' id='line_1_42' title="bbox 198 4187 1358 4254; baseline -0.003 -16"><span class='ocrx_word' id='word_1_324' title='bbox 198 4193 254 4240; x_wconf 84' lang='grc'><strong>597.</strong></span> <span class='ocrx_word' id='word_1_325' title='bbox 273 4189 346 4236; x_wconf 80' lang='lat' dir='ltr'>Latia</span> <span class='ocrx_word' id='word_1_326' title='bbox 368 4198 437 4237; x_wconf 85' lang='lat' dir='ltr'>rastro</span> <span class='ocrx_word' id='word_1_327' title='bbox 462 4205 588 4254; x_wconf 81' lang='lat' dir='ltr'>catapugem</span> <span class='ocrx_word' id='word_1_328' title='bbox 604 4199 706 4252; x_wconf 59' lang='lat' dir='ltr'>,ruperat</span> <span class='ocrx_word' id='word_1_329' title='bbox 763 4192 820 4236; x_wconf 78' lang='lat'>607.</span> <span class='ocrx_word' id='word_1_330' title='bbox 838 4188 938 4235; x_wconf 84' lang='lat' dir='ltr'>AEternis</span> <span class='ocrx_word' id='word_1_331' title='bbox 955 4204 1045 4239; x_wconf 71' lang='lat' dir='ltr'>canum</span> <span class='ocrx_word' id='word_1_332' title='bbox 1066 4187 1189 4251; x_wconf 64' lang='lat' dir='ltr'>lacrumis]</span> <span class='ocrx_word' id='word_1_333' title='bbox 1221 4189 1269 4250; x_wconf 85' lang='lat' dir='ltr'>Qui</span> <span class='ocrx_word' id='word_1_334' title='bbox 1354 4235 1358 4254; x_wconf 40' lang='grc' dir='ltr'>ι</span> 
     </span>
    </p>
   </div>
   <div class='ocr_carea' id='block_1_8' title="bbox 162 4254 1270 4466">
    <p class='ocr_par' dir='ltr' id='par_1_16' title="bbox 162 4254 1270 4466">
     <span class='ocr_line' id='line_1_43' title="bbox 162 4254 1270 4317; baseline -0.003 -15"><span class='ocrx_word' id='word_1_335' title='bbox 162 4254 233 4317; x_wconf 78' lang='lat' dir='ltr'>alai]</span> <span class='ocrx_word' id='word_1_336' title='bbox 251 4256 362 4302; x_wconf 74' lang='lat' dir='ltr'>Romana</span> <span class='ocrx_word' id='word_1_337' title='bbox 371 4255 446 4303; x_wconf 86' lang='lat' dir='ltr'>navis.</span> <span class='ocrx_word' id='word_1_338' title='bbox 731 4255 888 4300; x_wconf 80' lang='lat' dir='ltr'>confratrem</span> <span class='ocrx_word' id='word_1_339' title='bbox 903 4269 987 4301; x_wconf 81' lang='lat' dir='ltr'>cresum</span> <span class='ocrx_word' id='word_1_340' title='bbox 1006 4260 1165 4314; x_wconf 66' lang='lat' dir='ltr'>repraesentet,</span> <span class='ocrx_word' id='word_1_341' title='bbox 1182 4268 1270 4300; x_wconf 86' lang='lat' dir='ltr'>memo·</span> 
     </span>
     <span class='ocr_line' id='line_1_44' title="bbox 174 4318 1270 4391; baseline -0.005 -20"><span class='ocrx_word' id='word_1_342' title='bbox 174 4323 179 4386; x_wconf 66' lang='lat' dir='ltr'>J</span> <span class='ocrx_word' id='word_1_343' title='bbox 199 4323 255 4377; x_wconf 77' lang='grc'><strong>598.</strong></span> <span class='ocrx_word' id='word_1_344' title='bbox 275 4320 364 4378; x_wconf 82' lang='lat' dir='ltr'>Pectus,</span> <span class='ocrx_word' id='word_1_345' title='bbox 381 4320 426 4368; x_wconf 79' lang='lat' dir='ltr'>&amp;a</span> <span class='ocrx_word' id='word_1_346' title='bbox 436 4319 558 4391; x_wconf 69' lang='lat' dir='ltr'>anglari]</span> <span class='ocrx_word' id='word_1_347' title='bbox 577 4318 678 4367; x_wconf 79' lang='lat' dir='ltr'>Telonis.</span> <span class='ocrx_word' id='word_1_348' title='bbox 730 4319 787 4387; x_wconf 81' lang='lat' dir='ltr'>riam</span> <span class='ocrx_word' id='word_1_349' title='bbox 802 4318 952 4388; x_wconf 12' lang='lat' dir='ltr'>usquepillius</span> <span class='ocrx_word' id='word_1_350' title='bbox 968 4319 1029 4384; x_wconf 83' lang='lat' dir='ltr'>apud</span> <span class='ocrx_word' id='word_1_351' title='bbox 1040 4325 1148 4390; x_wconf 78' lang='lat' dir='ltr'>parentes</span> <span class='ocrx_word' id='word_1_352' title='bbox 1162 4319 1270 4381; x_wconf 80' lang='lat' dir='ltr'>lugentes</span> 
     </span>
     <span class='ocr_line' id='line_1_45' title="bbox 200 4383 1164 4466; baseline -0.001 -33"><span class='ocrx_word' id='word_1_353' title='bbox 200 4387 257 4438; x_wconf 82' lang='grc'>600.</span> <span class='ocrx_word' id='word_1_354' title='bbox 277 4383 429 4458; x_wconf 65' lang='lat' dir='ltr'>Damarata]</span> <span class='ocrx_word' id='word_1_355' title='bbox 438 4385 595 4436; x_wconf 83' lang='lat' dir='ltr'>Massiliensis</span> <span class='ocrx_word' id='word_1_356' title='bbox 604 4385 706 4462; x_wconf 77' lang='lat' dir='ltr'>quidam,</span> <span class='ocrx_word' id='word_1_357' title='bbox 730 4400 776 4432; x_wconf 88' lang='lat' dir='ltr'>non</span> <span class='ocrx_word' id='word_1_358' title='bbox 787 4384 842 4434; x_wconf 83' lang='lat' dir='ltr'>sinit</span> <span class='ocrx_word' id='word_1_359' title='bbox 852 4383 966 4438; x_wconf 60' lang='lat' dir='ltr'>interim</span> <span class='ocrx_word' id='word_1_360' title='bbox 1013 4395 1018 4406; x_wconf 88' lang='grc'><strong>’</strong></span> <span class='ocrx_word' id='word_1_361' title='bbox 1063 4455 1068 4466; x_wconf 40' lang='grc' dir='ltr'>Ι</span> <span class='ocrx_word' id='word_1_362' title='bbox 1161 4395 1164 4401; x_wconf 88' lang='grc'><strong><em>·</em></strong></span> 
     </span>
    </p>
   </div>
   <div class='ocr_carea' id='block_1_9' title="bbox 0 0 1404 4860">
    <p class='ocr_par' dir='ltr' id='par_1_17' title="bbox 0 0 1404 4860">
     <span class='ocr_line' id='line_1_46' title="bbox 0 0 1404 4860; baseline 0 0"><span class='ocrx_word' id='word_1_363' title='bbox 0 0 1404 4860; x_wconf 95' lang='lat' dir='ltr'> </span> 
     </span>
    </p>
   </div>
  </div>
 </body>
</html>
