2784 4860
148 346 214 415 584
450 348 946 415 SUPPLEMENTUM

148 516 352 601 Pompeium
366 518 462 581 illum
476 518 661 606 (inquam)
675 521 734 604 qui
749 526 873 598 tecum,
889 540 912 585 o
925 522 1088 587 maxime
1104 520 1241 600 Closer,

148 627 216 692 Tot
229 628 332 690 modo
348 628 493 709 stipatus
507 630 712 711 legionibus,
727 636 761 695 et
775 633 959 719 comitatus

148 737 316 803 Gentibus
331 740 525 816 innumeris,
540 746 610 803 tam
624 742 726 824 longo
742 749 894 826 tempore
907 744 992 809 fatis

147 848 317 931 Pugnavit
332 850 456 925 dubiis,
468 850 541 932 jam
557 853 706 919 cinctum
719 853 827 917 milite
840 853 935 918 nullo

147 958 317 1023 Vidimus.
341 965 377 1022 ut
391 960 502 1023 tradat
517 980 553 1023 se
568 961 760 1043 hortamur3
782 969 818 1026 at
832 963 891 1027 ille
904 962 1038 1029 minaci

147 1069 341 1152 Intrepidus
357 1070 463 1146 vultu,
477 1090 651 1153 nunquam
665 1091 719 1134 me
736 1070 884 1137 Caesaris
896 1070 1011 1156 inquit¹

147 1179 341 1263 Captivum,
356 1180 483 1244 victum
498 1183 666 1262 quamvis,
683 1183 833 1247 Fortuna
846 1182 988 1247 videbit.

146 1288 349 1353 Abscissum
364 1290 478 1353 videat
493 1296 607 1373 caput,
623 1297 658 1355 et
672 1293 810 1357 cervice
819 1291 969 1356 revulsa·

146 1399 331 1465 Haeredem
345 1406 510 1482 agnoscat
525 1400 655 1482 Magni,
670 1422 733 1466 nec
750 1402 901 1465 dedecus
914 1400 1015 1481 illud,

146 1509 250 1589 Quod
264 1512 370 1574 fatum
386 1512 558 1576 Genitoris
573 1518 655 1588 erat,
670 1512 753 1575 mihi
769 1511 882 1575 Roma
895 1511 1048 1595 putabit.
1077 1512 1083 1521 '

146 1619 229 1684 Non
242 1627 313 1685 tam
328 1622 395 1685 vile
408 1628 521 1685 tamen
536 1627 640 1705 caput
655 1622 734 1698 hoc,
751 1621 931 1687 certamine
944 1622 1046 1687 nullo

145 1730 194 1796 Ut
207 1733 308 1796 vobis
322 1732 482 1808 tradatur,
499 1734 571 1796 erit.
589 1733 668 1796 dum
682 1732 752 1795 tela
765 1736 957 1814 supersunt,

146 1842 228 1907 Non
243 1843 346 1923 gratis
361 1844 495 1906 moriar.
511 1848 583 1906 tum
598 1862 747 1925 pugnam
760 1842 933 1923 ingressus
947 1841 1110 1926 iniquam

146 1951 188 2016 In
202 1952 402 2034 mediosque
416 1972 528 2028 ruens,
551 1952 624 2015 sine
640 1970 713 2036 spe,
729 1950 802 2013 sine
814 1950 956 2028 viribus,
971 1970 1100 2019 omncs

69 2100 74 2112 ·
145 2061 222 2125 Nos
237 2062 362 2145 pariter
377 2061 452 2125 sola
468 2062 605 2145 adjutus
620 2062 742 2124 virtute
755 2059 907 2123 lacessit.

144 2170 222 2236 Nec
237 2172 352 2247 vitam,
369 2190 472 2253 quam
486 2176 580 2236 tanto
596 2172 710 2234 animo
724 2170 916 2254 projecerat
935 2171 1029 2255 ipse,

144 2281 309 2346 Servandi
323 2281 423 2344 nobis
439 2281 635 2345 conceditur
649 2281 721 2344 ulla
734 2285 899 2363 potestas

144 2391 277 2456 Invasit
291 2391 424 2467 ferrum,
442 2391 634 2473 ceciditque
647 2391 684 2453 in
697 2391 838 2455 vulnera
850 2392 963 2469 laetus,

144 2503 189 2567 Et
202 2502 338 2566 tandem
353 2502 460 2565 invito
475 2508 616 2564 mortem
631 2503 698 2565 sibi
711 2500 872 2566 vendicat
884 2500 997 2565 hoste.

143 2614 232 2678 'lum
248 2613 366 2678 Caesar
378 2613 581 2695 lacrymans,
598 2630 798 2694 generosum
812 2611 954 2694 quaerite
966 2616 1142 2694 huncum,

143 2724 329 2788 Thurifcris
346 2723 492 2786 collecta
505 2723 597 2804 rogis
613 2724 811 2806 componite·
820 2724 987 2788 membra.

145 2833 231 2898 Cum
247 2834 371 2915 eapite,
387 2839 422 2897 et
436 2834 572 2914 dignam
587 2834 690 2897 tantis
705 2834 783 2899 date
800 2832 964 2899 Manibus
976 2836 1114 2903 urnam.

187 2944 372 3024 Digressus
388 2942 520 3009 Munda
535 2942 653 3008 Caesar
667 2964 808 3010 securus
822 2942 867 3009 ab
883 2940 978 3011 omni

144 3054 317 3120 Bellorum
333 3056 475 3138 strepitu
489 3055 644 3120 victricia
659 3058 757 3138 signa
769 3075 831 3138 per
845 3056 947 3119 urbes

144 3165 291 3230 Sustulit
305 3165 495 3248 Hispanas.
506 3165 580 3249 jam
591 3166 720 3244 Gades,
736 3164 897 3229 Corduba
909 3162 1020 3243 dives,

144 3275 315 3359 Hispalis
332 3281 434 3358 atque
450 3295 578 3354 omnes,
593 3295 815 3361 quascunque
829 3274 979 3339 interluit
990 3276 1097 3343 undis

144 3385 251 3451 Baetis
266 3386 405 3450 Anasve
422 3387 505 3463 suis,
522 3387 643 3451 victori
656 3387 793 3452 tradere
803 3406 881 3451 sese

144 3496 225 3560 Non
240 3497 395 3560 dubitant
410 3495 532 3560 Urbes.
548 3498 680 3581 populi,
696 3502 880 3580 gentesque
893 3500 1044 3565 remote·

143 3605 213 3669 Sub
225 3606 312 3690 juga
322 3605 395 3689 jam
408 3607 558 3671 veniunt.
574 3608 719 3691 abjectis
735 3606 906 3671 Cantaber
918 3606 1035 3683 umis,

143 3715 383 3798 Callaicusque
399 3718 509 3795 ferox,
526 3723 560 3782 et
575 3717 683 3794 Celta,
699 3722 802 3800 atque
816 3716 960 3800 impiger
971 3714 1083 3782 Aatrrr

141 3824 343 3908 Exposcunt
357 3827 502 3903 veniam,
518 3847 708 3910 pacemque
724 3846 746 3890 a
760 3824 897 3891 Caesare
912 3834 1086 3909 quarunt.

142 3934 203 3999 Nil
217 3937 314 3999 terris
330 3937 411 4003 olim
425 3938 617 4001 venerabile
631 3956 756 4001 nomen
770 3936 880 4000 Iberis

140 4046 164 4110 J
165 4065 221 4109 am
234 4047 342 4110 valuit
357 4047 488 4129 Magni.
506 4048 648 4112 cunctos
664 4047 815 4110 Fortuna
829 4045 970 4133 clientes

139 4157 390 4237 Transtulerat3
413 4158 507 4221 solus
518 4159 592 4241 jam
606 4158 762 4241 possidet
776 4152 894 4220 omriia¹
906 4153 1037 4221 Cacsar.

141 4267 216 4331 Nec
232 4267 353 4331 mirum
369 4267 520 4331 obtineat
533 4274 639 4332 terras
654 4268 684 4333 si
699 4268 796 4333 solus
810 4266 941 4345 lhetas,
964 4272 967 4279 '
989 4294 994 4301 ·
1119 4280 1122 4285 '

140 4374 211 4454 Qui
226 4378 299 4443 sine
313 4379 414 4443 rivali
429 4377 604 4443 Romanas
619 4379 750 4447 obtinet
763 4394 873 4451 arces.
