2784 4860
157 342 228 415 eno
316 392 321 401 .
422 332 1006 417 Puraounaunluui
1083 368 1086 375 ·

159 515 332 597 Sanguine
346 513 528 592 Germano,
544 516 791 601 sexagintaque
805 515 996 600 triumphis,

159 626 248 695 Esse
261 646 390 690 nocens
405 628 510 710 eoepi.
534 648 729 711 quanquam
743 647 833 712 quos
847 629 957 710 gloria
969 634 1086 707 terret,
1218 676 1221 681 -

158 736 230 803 Aut
244 740 303 822 qui
319 744 407 815 sunt,
423 740 483 824 qui
497 740 591 815 bella
603 740 747 805 volunt?
769 740 985 803 mercedibus
998 744 1143 825 emptu,
1171 796 1176 805 .

157 846 211 917 Ac
226 850 313 913 viles
328 868 442 932 operae
455 869 464 927 ;
487 868 631 932 quorum
644 855 698 913 est
710 870 788 915 mea
802 850 916 916 Roma
928 856 1101 917 novereat
1224 898 1228 905 -
1262 836 1267 843 ¹

157 958 206 1024 Ut
219 978 305 1035 reor,
320 959 412 1023 haud
427 959 586 1041 impune;
607 977 672 1021 neo
685 960 774 1025 hane
788 962 864 1025 sine
876 960 1014 1027 vinoiee
1026 960 1191 1029 dextrum
1272 1024 1275 1029 .

155 1062 295 1135 ‘vinciet
308 1071 463 1153 ignavus.
486 1072 634 1133 victores
648 1070 694 1133 ite
709 1068 867 1147 ferentes,

156 1183 209 1247 Ite
223 1183 290 1246 mei
306 1183 460 1258 comites,
476 1188 510 1245 et
526 1200 668 1245 causam
682 1179 785 1244 dieite
800 1180 901 1247 ferro.

155 1293 315 1377 Namque
331 1310 447 1357 omnes
462 1311 567 1354 unum
584 1291 710 1352 crimen
723 1295 842 1352 vocat:
865 1290 1024 1355 omnibus
1037 1308 1112 1357 m

155 1403 334 1487 Impendet
349 1402 476 1466 clades.
498 1397 671 1462 reddenda
684 1402 737 1460 est
751 1400 859 1480 gratia
872 1394 993 1481 vobio:

155 1513 237 1577 Non
251 1513 347 1591 solus
362 1512 441 1575 viei.
465 1528 581 1593 quare,
596 1509 679 1592 quia
692 1529 799 1592 poena
812 1509 978 1594 trophaeis

153 1624 321 1700 Imminet,
337 1628 370 1685 et
385 1620 504 1684 sordes
519 1619 641 1683 meruit
654 1618 799 1683 victoria
812 1626 941 1699 nostra,

152 1735 176 1800 J
177 1735 277 1799 udice
292 1733 427 1798 femma
441 1731 543 1795 cadat
556 1730 644 1793 alea.
666 1730 789 1793 sumite
802 1730 941 1809 bellum,

154 1845 199 1911 Et
212 1850 338 1909 tentate
353 1861 487 1907 manus.
511 1845 602 1905 certe
617 1859 695 1903 mea
709 1858 817 1904 eausa
828 1848 970 1924 perpetu
982 1848 1048 1933 ert,

152 1954 245 2021 Inter
259 1958 310 2017 tot
323 1953 429 2017 fortes
443 1957 592 2017 armatus
605 1952 724 2015 neseio
738 1951 844 2021 vinei.

152 2063 243 2129 Haec
258 2064 318 2127 ubi
333 2063 518 2146 personuit,
533 2062 576 2125 de
590 2062 681 2126 coelo
696 2061 887 2145 Delphicus
900 2065 975 2137 alen

150 2175 276 2239 Omina
290 2176 371 2238 laeta
382 2173 488 2249 dedit,
504 2173 703 2257 pepulitque
716 2175 885 2239 meatibus
899 2194 1013 2241 auran.

152 2286 228 2355 Nec
243 2306 313 2350 uon
327 2284 483 2349 horrendi
497 2285 644 2347 nemoris
659 2283 701 2347 de
716 2290 812 2367 parte
827 2287 966 2361 sinistra

150 2397 304 2463 Insolitee
319 2416 425 2461 voees
440 2395 575 2459 damma
590 2414 733 2466 sonuere
749 2397 915 2489 sequenti.

150 2509 232 2594 Ipse
246 2510 335 2574 nitor
349 2507 475 2573 Phoebi
488 2506 627 2588 vulgato
641 2506 752 2577 laetior
767 2507 850 2573 orbe

149 2621 275 2698 Crevit,
290 2626 324 2685 et
338 2625 457 2685 aurato
471 2617 654 2702 praecinxit
666 2616 798 2700 fulgure
812 2617 941 2696 vultus,

149 2730 283 2797 Fortior
297 2731 466 2795 ominibus
480 2729 588 2792 movit
602 2727 775 2793 Mavortia
788 2729 888 2820 signa

148 2838 284 2919 Gaesar3
306 2845 341 2904 et
354 2841 492 2907 insolito
507 2858 625 2921 gressu
639 2839 731 2926 prior
745 2844 896 2922 occupat
908 2837 1063 2914 hausura.

147 2946 263 3014 Prima
277 2949 414 3033 quidem
427 2950 567 3031 glacies,
583 2958 617 3015 et
629 2971 717 3014 caua
726 2951 849 3032 juncta
861 2950 985 3030 pruina
1117 3014 1122 3023 ,

147 3058 229 3124 Non
243 3060 408 3143 pugnavit
420 3059 553 3136 humus,
567 3061 709 3142 mitique
723 3058 860 3122 horrore
875 3057 1024 3140 quievit;
1106 3131 1112 3141 p

145 3170 215 3236 Sed
229 3175 413 3255 postquam
426 3173 544 3245 turmae
559 3169 694 3233 nimbos
707 3168 835 3251 fregere
848 3168 988 3251 ligatum

145 3279 190 3346 Et
203 3280 350 3366 pavidus
365 3280 559 3364 quadrupes
573 3279 740 3344 undarum
753 3279 893 3344 uincula
905 3278 1008 3363 rupit,

144 3389 321 3453 Incaluere
336 3389 541 3465 nives,mox
554 3388 693 3455 fiumina
706 3389 880 3463 montibus
893 3387 974 3469 altu
1182 3442 1185 3447 .

144 3497 328 3564 Undabant
341 3500 447 3564 modo
459 3506 540 3567 nata
552 3521 559 3564 :
583 3501 645 3593 sed
658 3501 734 3567 haee
749 3520 887 3584 quoque
898 3499 1169 3591 jussa-putam,
1201 3564 1204 3569 .

143 3610 287 3675 Stabant
300 3616 334 3674 et
348 3611 463 3675 vineta
476 3610 599 3675 duetus
615 3613 932 3696 stupuere-pruina:
1153 3594 1158 3601 ⁸

143 3719 187 3786 Et
201 3722 319 3804 paullo
335 3728 411 3785 ante
424 3723 501 3787 lues
511 3721 585 3806 jam
599 3722 814 3800 concidenda
823 3721 976 3806 Jaeebat.
1015 3790 1021 3797 ,

140 3832 230 3898 Tum
244 3852 324 3896 vero
339 3832 497 3899 malefida
510 3833 605 3915 prius
619 3832 765 3914 vestigia
777 3833 871 3910 lusit,

141 3943 355 4027 Decepitque
369 3943 487 4028 pedes.
510 3944 641 4027 passim
652 3949 843 4028 turmaeque
855 3943 1001 4029 uirique,

139 4051 312 4137 Armaque
328 4059 489 4136 congesta
503 4059 594 4118 strue
609 4053 787 4138 deplorata
796 4053 973 4147 jaeebunt,
1058 4112 1065 4133 ,

139 4165 232 4230 Ecce
247 4165 348 4230 etiam
365 4165 477 4247 rigido
494 4185 675 4239 concussa
693 4164 834 4243 fiamine
845 4165 956 4247 111¹th

139 4275 514 4355 honorabanturque
535 4274 907 4365 ruputurbinevenfi.
1094 4326 1159 4371 .·;.;.
1246 4310 1272 4371 .'·.
