2784 4860
133 341 199 408 418
414 337 465 403 Μ.
500 336 698 404 ANNAEI
743 332 956 406 LUCANI

137 515 270 585 Invasit
285 513 393 596 Libye
409 514 520 576 securi
535 513 606 576 sata
621 512 774 578 Catonis.
980 584 983 589 ,
1180 512 1255 579 4111

177 625 296 690 Tertia
309 644 389 707 pars
404 644 515 688 rerum
530 624 649 706 Libye,
666 624 696 687 si
712 623 848 688 credere
863 623 966 689 famae

139 735 273 801 Cuncta
286 735 392 798 velis:
416 740 451 798 at
466 734 496 797 si
509 738 630 797 ventos
646 734 840 816 coelumque
854 732 1022 816 sequaris,
1079 726 1082 733 ’

138 845 226 910 Pars
242 845 304 908 erit
319 844 479 927 Europae.
496 862 560 906 uec
576 843 666 907 enim
680 844 758 926 plus
774 844 888 906 littora
903 840 991 919 Nili,

138 955 252 1034 Quam
267 954 448 1036 Scythicus
464 953 593 1016 Tanais
608 952 725 1036 primis
742 973 764 1016 a
778 952 935 1016 Gadibus
951 953 1100 1017 absunt:

139 1063 239 1129 Unde
255 1064 394 1146 Europa
408 1063 494 1147 fugit
507 1062 650 1144 Libyen,
664 1068 698 1126 et
711 1063 826 1126 littora
839 1062 933 1125 llcxu
1179 1059 1252 1127 ale

141 1174 282 1238 Oceano
297 1173 408 1236 fecere
423 1173 559 1236 locum:
583 1172 643 1235 sed
658 1171 768 1255 major
782 1173 818 1234 in
832 1191 937 1235 uuam

144 1284 246 1347 Orbis
262 1285 333 1348 abit
347 1283 479 1346 Asiam.
495 1302 574 1345 nam
595 1303 673 1346 cum
691 1258 913 1347 communiter
925 1283 1002 1348 istae

143 1395 325 1460 Effimdant
340 1394 545 1476 Zephyrum,
563 1394 684 1458 Boreae
699 1394 790 1458 latus
805 1393 866 1457 illa
884 1393 1057 1459 sinistrum

144 1503 362 1586 ContingenS,
379 1504 601 1586 dextrumque
618 1503 714 1580 Noti,
735 1503 883 1568 discedit
896 1503 932 1567 in
946 1507 1053 1581 ortus,
1216 1544 1221 1553 ·

144 1613 271 1678 Eurum
290 1615 366 1677 sola
380 1594 508 1677 tenens
542 1613 682 1696 Libycae
698 1614 791 1696 quod
807 1613 916 1678 fertile
930 1618 1028 1681 une
1043 1618 1110 1691 est,
1183 1612 1252 1681 aad

142 1723 263 1805 Vergit
277 1725 312 1786 in
327 1743 493 1786 occasus:
517 1723 578 1787 sed
593 1729 627 1787 et
640 1723 715 1787 haec
731 1744 800 1788 nou
813 1724 965 1789 fontibus
978 1724 1059 1791 ullis

141 1834 310 1921 Solvitur:
334 1833 482 1899 Arctoos
497 1835 582 1899 raris
597 1834 827 1917 Aquilonibus
842 1834 968 1898 imbres

142 1943 293 2028 Accipit,
310 1949 343 2008 ct
363 1946 488 2008 nostris
503 1945 611 2009 reficit
624 1964 688 2008 sua
704 1962 783 2006 rura
797 1943 937 2007 serenis.

145 2053 187 2119 In
201 2056 312 2118 nullas
327 2056 465 2120 vitiatur
480 2076 585 2140 opes;
607 2074 676 2118 non
692 2073 770 2129 aere,
784 2072 849 2116 nec
864 2073 948 2118 auro

142 2161 366 2246 Excoquitur,
381 2166 474 2228 nullo
491 2167 664 2246 glebarum
680 2163 830 2239 crimine,
853 2183 951 2246 pura,
1182 2162 1250 2233 425

143 2341 191 2386 411
204 2336 273 2400 Libye
282 2354 365 2385 rerum.
446 2341 495 2386 412
506 2346 546 2384 dut
556 2340 582 2384 si.
657 2339 707 2383 413
719 2336 775 2383 Pur.
850 2339 899 2384 413
909 2352 985 2401 uque.
1075 2342 1128 2390 414
1138 2343 1247 2405 qumis.

223 2405 273 2449 414
283 2404 311 2449 ab
323 2403 382 2450 Gad.
479 2404 528 2450 415
533 2402 601 2466 fleto
698 2402 746 2447 416
759 2400 852 2448 Oceani.
960 2400 1078 2461 4174411,
1090 2404 1149 2455 ⁰41⁸.

353 2470 402 2516 419
413 2468 527 2515 distendit.
592 2468 640 2516 410
652 2464 738 2528 Libye,
749 2464 835 2528 Libyes.
900 2469 1020 2529 413jauu.

177 2609 234 2654 411.
254 2604 390 2668 recupare
401 2623 476 2654 rerum
486 2605 575 2670 Libye]
593 2605 619 2651 Si
630 2604 681 2652 vul-
706 2607 804 2664 terjectu
823 2607 893 2653 maris
913 2606 1088 2655 Mediterranei.
1120 2608 1154 2657 Et
1170 2610 1250 2660 &tun

148 2685 226 2732 [arem
236 2672 342 2718 admittas
362 2671 425 2718 orbis
442 2671 587 2725 divisionem,
604 2671 683 2716 Africa
699 2670 790 2734 fluxu]
808 2670 961 2734 Malimfleau.
979 2672 1083 2721 Grotiua

148 2742 185 2782 est
198 2735 338 2782 tertiaorbis
357 2752 424 2796 pars:
440 2736 474 2782 ita
495 2743 519 2781 et
529 2735 643 2782 Salustius
660 2735 683 2779 in
739 2739 796 2782 416.
814 2736 858 2782 Sed
867 2738 938 2797 mayor
955 2738 981 2782 in
995 2752 1074 2792 aarum,
1091 2734 1152 2803 &o.]
1169 2740 1249 2789 Etu-

147 2800 209 2846 bello
226 2802 280 2859 lug.
297 2799 327 2846 In
342 2801 453 2857 divumne,
463 2801 544 2860 iuquit,
555 2799 684 2845 orbisterrae
707 2815 759 2846 men
769 2798 827 2845 Asia
837 2808 874 2846 est
889 2802 962 2860 major
976 2800 1038 2846 orbis
1055 2807 1171 2856 terrarum
1182 2818 1250 2866 pm,

145 2864 247 2926 plerique
257 2867 282 2910 iu
297 2873 361 2924 parte
378 2866 444 2910 tertia
461 2865 564 2928 Africam
577 2878 684 2923 posuere:
708 2879 776 2924 quam
787 2866 887 2924 Europae
898 2866 1019 2925 conjuncta
1027 2864 1114 2912 Africa.

146 2928 225 2989 pauci,
237 2929 387 2974 tantammodo
397 2929 502 2974 detumet
512 2928 624 2989 Europum
634 2942 684 2984 esse,
740 2930 797 2976 417.
815 2926 934 2975 Nemeum
950 2930 1096 2976 emmunim
1111 2931 1171 2989 illo,
1187 2928 1249 2997 ἂι]

149 2992 188 3040 red
199 2991 299 3054 Ay'raam
316 2999 341 3038 tu
353 2991 451 3052 Eume,
463 2992 506 3039 &a
709 2993 768 3039 Cum
779 2993 858 3039 Africa
868 2999 893 3040 et
902 2995 997 3055 Europa
1008 2993 1032 3040 in
1042 2992 1165 3043 Orientem
1172 2996 1250 3047 ehu·

184 3058 241 3102 412.
259 3056 406 3112 diribentes,
418 3056 476 3118 dre]
494 3062 526 3105 At
537 3057 557 3103 si
565 3063 685 3105 ventorum
710 3058 766 3104 daut
775 3058 921 3119 Zephyrum
936 3058 977 3105 illa
994 3058 1089 3114 allato,
1105 3058 1160 3115 lue,
1174 3062 1250 3111 ab·

150 3120 249 3182 coelique
260 3121 361 3168 revoluti
370 3120 481 3167 rationem
496 3120 614 3182 sequaris3
624 3121 685 3168 Afri·
710 3123 765 3168 resli
775 3129 841 3182 parte
851 3140 856 3168 ε
874 3123 930 3170 Asia
940 3123 990 3170 sola
999 3138 1025 3170 se
1034 3124 1165 3172 extendens
1174 3126 1250 3175 111111-

151 3201 203 3233 cam
214 3185 375 3246 complectitur
385 3187 485 3246 Europa,
497 3202 547 3246 quae
562 3188 615 3232 duee
631 3202 685 3233 con·
709 3203 754 3247 que
765 3187 794 3232 ad
812 3188 921 3234 Austrum
937 3204 952 3234 a
966 3188 1057 3244 dextra,
1075 3188 1106 3235 ul
1117 3188 1220 3241 Bau
1232 3206 1251 3241 a

147 3252 243 3312 junctae,
260 3257 359 3309 excepto
370 3251 432 3310 quod
446 3251 554 3298 interluat
563 3267 625 3296 mare
635 3253 686 3298 Me·
711 3251 809 3298 sinistra.
823 3252 930 3299 vendicat
937 3252 983 3299 sibi
991 3259 1066 3299 tolum
1076 3254 1175 3301 1111111.

150 3314 313 3369 ditenauenm,
323 3315 495 3361 Occidentalem
510 3315 633 3362 conficiunt
649 3331 686 3362 or·
742 3318 798 3364 420.
816 3315 913 3379 Libyae,
932 3316 988 3380 ὅκα]
1005 3316 1094 3377 Libya
1111 3331 1169 3379 pm
1185 3318 1250 3369 oasi-

150 3379 189 3426 bis
198 3380 353 3434 medietatem,
364 3380 398 3426 uti
409 3379 466 3426 Asia
477 3380 625 3428 Orientalem.
710 3381 762 3426 dure
773 3380 871 3428 fertilior
881 3389 925 3438 est,
936 3380 997 3428 sicea
1012 3386 1097 3429 meu.
1108 3382 1176 3431 Ptin.
1185 3382 1250 3433 liin

184 3446 241 3490 413.
259 3442 431 3504 Neceuimplus
440 3444 505 3490 litora
515 3444 585 3508 Nili]
603 3446 685 3506 Neque
710 3446 734 3493 5.
745 3459 789 3505 cap
808 3448 847 3492 22.
928 3498 932 3505 ,
1113 3452 1116 3457 “

152 3507 213 3554 enirn
224 3508 294 3555 Nilus
305 3508 345 3569 qui
356 3509 463 3563 Africam,
482 3509 507 3554 in
518 3509 632 3556 divisione
645 3511 686 3556 tri·
742 3512 798 3558 492.
815 3510 905 3556 Arctoos
913 3510 991 3574 raris]
1000 3508 1255 3574 stupeamus*

151 3572 244 3633 partita,
259 3575 288 3618 ab
299 3573 355 3618 Asia
368 3574 518 3631 disterminat,
533 3573 642 3621 remotior
652 3583 687 3622 est
710 3572 800 3620 missos.
817 3574 965 3636 Aquilonibus
980 3575 1067 3633 uulsa,
1083 3572 1144 3641 dra]
1158 3562 1251 3625 hun

152 3650 166 3682 a
177 3637 281 3683 Gadibus
294 3637 337 3683 ins.
349 3646 459 3684 extremae
470 3639 603 3701 Hispaniae,
619 3655 686 3699 quam
711 3637 771 3684 euim
782 3639 821 3699 qui
832 3639 899 3685 nobis
909 3655 1003 3686 serenus
1018 3646 1063 3696 est,
1080 3638 1130 3687 11111
1142 3638 1251 3701 pluri·

150 3700 236 3747 uuida
244 3701 298 3746 dur.
307 3702 347 3762 qui
356 3718 408 3748 cum
417 3703 516 3758 Euxiuo,
525 3704 549 3750 in
558 3719 625 3765 quern
632 3719 687 3763 pro-
710 3701 813 3749 inducit:
830 3710 857 3750 ut
867 3704 954 3750 Auster
969 3710 1048 3751 cerua
1056 3703 1126 3753 uobis
1138 3704 1251 3755 1111111

152 3764 246 3820 labitur,
256 3766 372 3826 Europam
383 3768 474 3814 abAsia
483 3767 597 3815 dividunt.
615 3767 686 3830 Nili]
711 3771 735 3814 et
744 3766 856 3823 imbrifer,
866 3768 914 3814 illis
922 3783 1024 3815 mnus.
1126 3788 1129 3793 ·

152 3829 222 3876 Nilus
231 3829 309 3875 Asiam
320 3831 349 3876 ab
360 3832 438 3878 Africa
449 3847 455 3889 ;
470 3832 553 3878 Tanais
568 3835 596 3879 ab
613 3834 687 3880 Euro·
743 3834 799 3879 424.
818 3831 847 3878 Iu
857 3832 931 3879 nullus
946 3834 1041 3879 sillaim
1057 3846 1117 3893 opes,
1126 3830 1174 3881 &e-
1182 3834 1250 3897 μ’·

152 3908 183 3956 pa
195 3892 344 3940 disterminat.
357 3896 388 3942 Et
399 3898 427 3942 ab
436 3912 518 3944 occasu
530 3898 646 3959 Europam
656 3900 686 3944 ab
712 3903 748 3943 tus
759 3904 821 3944 terra
830 3896 881 3959 ert]
899 3897 1059 3944 Puraeuimel
1067 3896 1250 3959 nimpham,

152 3959 231 4006 Africa
242 3958 275 4004 ita
284 3958 379 4014 dividit,
389 3967 415 4009 ut
432 3976 475 4021 per
490 3963 574 4008 fretum
591 3962 687 4009 Gadita·
711 3962 782 4008 ubere
791 3968 879 4008 tantun
889 3962 964 4023 glebae
978 3967 1071 4022 potens,
1086 3976 1135 4009 nau
1144 3962 1251 4015 math·

152 4039 207 4070 num
218 4029 294 4069 ortum
302 4023 400 4083 petenti,
415 4027 531 4085 Europam
548 4027 638 4082 lteram,
655 4028 687 4074 A·
712 4025 744 4071 cit
763 4026 899 4073 admistione
917 4042 1026 4074 venarum
1043 4024 1200 4077 mussera..
1216 4028 1252 4077 110

151 4087 232 4134 tricem
241 4089 348 4135 dextram
356 4089 444 4136 habeat.
457 4087 545 4152 Fugere
553 4089 687 4155 Libycmvi-
712 4090 777 4136 Pers.
796 4091 846 4137 Sat.
863 4093 886 4138 1.
910 4089 941 4137 Et
961 4090 1081 4139 Gululm
1093 4092 1157 4139 enit
1169 4094 1252 4145 adlato

152 4154 220 4200 detur
232 4154 333 4212 Europa,
351 4155 413 4213 quod
424 4156 452 4201 ab
463 4153 598 4202 interluente
609 4157 687 4204 medio
711 4155 795 4202 murice
808 4155 884 4203 uellate.
900 4155 1006 4203 Juvenal.
1025 4160 1068 4203 sal.
1084 4156 1111 4205 3.
1125 4168 1168 4205 m
1183 4158 1250 4221 urge·

152 4217 210 4264 mari
220 4218 349 4264 interranea
359 4218 452 4265 sevulsa
463 4219 500 4265 sit.
518 4218 622 4266 Humor.
711 4234 783 4265 riuum
791 4220 898 4268 vindicent
916 4235 1028 4268 marmora
1039 4218 1141 4283 tophum.
1151 4226 1179 4269 et
1191 4220 1252 4271 bin

184 4285 242 4332 415.
262 4281 326 4328 Unde
338 4280 429 4343 merope
440 4281 510 4346 fugit
525 4276 632 4362 Libyeis]
649 4285 686 4332 Ad
713 4300 746 4331 vs.
759 4284 815 4333 519.

152 4362 210 4407 quas
222 4348 308 4404 Gades,
319 4348 413 4409 Europa
420 4353 537 4410 separatur
547 4350 576 4396 ab
585 4349 642 4397 Assa
650 4350 686 4398 iu·
743 4351 800 4398 425.
818 4347 940 4398 Geumi»
948 4348 1061 4417 esem]
1075 4346 1252 4407 (lehem
