2784 4860
267 287 269 290 Ι
341 346 574 418 CIVILIS
619 344 806 414 BELLI
852 344 967 412 LIB.
999 346 1033 415 I.‚
1204 341 1242 408 15

138 524 232 592 Hinc
251 525 343 610 rapti
356 525 467 608 pretio
481 516 606 599 fasces,
628 526 806 604 sectorque
827 520 955 586 favoris

139 637 221 723 lpse
237 637 291 702 sui
304 635 475 720 populus,
488 633 669 716 letalisque
685 631 833 696 ambitus
846 632 939 711 urbi3

138 749 264 814 Annua
277 746 392 813 uenali
405 745 553 810 referens
569 736 923 825 certammacampoz
1001 759 1004 765 ·
1178 740 1242 804 180

139 860 233 924 Hinc
249 877 354 923 usura
368 875 488 933 vorax,
504 853 710 937 avidumque
721 853 919 936 intempore
933 850 1061 927 foenus,
1180 862 1183 866 ⁴

139 970 184 1049 Et
199 987 370 1034 concussa
384 965 496 1046 fides}
509 969 544 1030 et
558 965 677 1029 multis·
687 963 771 1028 utile
785 962 924 1026 bellum.
976 1050 979 1057 ἱ
1018 1007 1020 1010 ψ

181 1064 262 1145 lum
276 1075 542 1162 gelidascaesar
557 1095 659 1140 cursu
674 1077 893 1158 superaverat
907 1071 1033 1154 Alpes3

140 1192 367 1274 Ingentesque
379 1189 497 1254 'animo
512 1191 637 1262 motus,
660 1185 855 1266 bellumque
868 1182 1017 1246 futurum

140 1303 297 1387 Ceperat.
320 1307 358 1366 ut
371 1304 508 1366 ventum
523 1303 577 1362 est
590 1297 688 1381 parvi
703 1295 896 1360 Rubiconis
912 1291 1092 1369 aduodes,
1179 1291 1244 1356 185

141 1414 266 1496 Ingens
280 1410 453 1478 vise-duci
467 1409 590 1494 petrice
604 1396 805 1491 trepidantis
821 1407 946 1488 imago,
1031 1415 1032 1418 ’

141 1522 244 1589 Clara
257 1543 319 1606 per
332 1520 627 1586 obsum-emmiu
640 1518 864 1583 moestissima
879 1519 1026 1592 noctem,
1118 1599 1120 1603 ι
1182 1501 1189 1508 ”

140 1635 320 1715 Turrigero
336 1649 443 1695 cenos
457 1629 634 1692 effimdens
648 1628 774 1692 vertice
790 1626 912 1700 crineS,

142 1743 295 1810 Caesarie
308 1743 445 1817 lacera,
457 1738 627 1819 nudisque
642 1737 776 1800 adstare
790 1735 939 1810 lacertis,

81 1858 87 1867 ‘
142 1855 186 1919 Et
199 1854 326 1937 gemitu
339 1849 504 1936 permiste
517 1847 634 1929 loqui:
659 1844 739 1924 Quo
758 1844 897 1909 tenditis
912 1844 1025 1908 ultrei
1177 1841 1243 1907 190
1292 1851 1321 1916 J

145 1963 227 2043 Quo
242 1963 335 2026 fertis
349 1978 428 2025 mee
442 1959 541 2041 sigua
553 1956 642 2022 viril
665 1956 696 2020 si
706 1955 783 2040 jure
797 1954 933 2031 venitis

143 2074 182 2139 Si
193 2074 307 2140 cives:
329 2071 507 2154 hueusque
522 2068 615 2133 licet.
659 2065 757 2130 'limo
772 2063 919 2150 perculit
932 2063 1047 2127 horror

143 2183 301 2249 Membra
315 2181 570 2262 ducis-riguere
586 2197 707 2253 comae,
724 2195 943 2260 gressumque
960 2194 1123 2239 coercens
1186 2167 1190 2174 ’

144 2295 303 2378 Languor
318 2294 355 2356 in
368 2295 521 2356 extrema
534 2289 643 2354 tenuit
660 2287 806 2370 vestigia
819 2288 906 2369 ripa·

208 2469 257 2515 178
266 2463 436 2530 fcseesprscio.
519 2464 565 2511 181
577 2437 684 2522 tempora.
767 2461 816 2508 183
831 2458 967 2507 cussucaes.
1050 2460 1098 2508 192
1115 2457 1180 2505 Tum.

177 2616 233 2664 178.
251 2613 335 2675 Hinc]
363 2615 402 2660 Ex
421 2612 481 2660 luxu
502 2619 526 2660 et
544 2611 681 2673 cupiditate.
707 2611 785 2674 ssigata
793 2618 818 2660 et
826 2612 918 2672 perdite
928 2609 1021 2660 misceri
1030 2611 1106 2659 omnia
1114 2612 1246 2674 turbarique

143 2677 379 2742 Rampubfuceu
386 2677 445 2739 &cl
461 2677 608 2733 Consulatus,
616 2679 683 2736 cujus
707 2676 841 2737 cupiebant,
848 2675 1060 2737 opesqueexbellis
1068 2677 1246 2737 civilibus,pro·

143 2743 253 2807 insignia,
269 2745 344 2791 fasces
356 2751 380 2790 et
390 2757 493 2798 secures,
509 2740 598 2790 venalis
608 2742 683 2788 lactus
709 2740 876 2801 scriptionibus
884 2747 913 2794 et
919 2741 1064 2788 auctionibus
1076 2743 1207 2802 sperabant.

145 2816 195 2856 est:
207 2809 263 2856 dum
272 2808 373 2870 populus
384 2806 471 2856 laveris
484 2805 521 2854 sui
531 2805 683 2863 auctionator,
741 2806 796 2854 185.
815 2804 931 2866 Ceperat]
949 2807 1101 2865 Gonoeperat.
1124 2805 1247 2853 Rubiconis

144 2872 308 2934 largitionibus
318 2871 447 2934 potentium
463 2878 586 2932 corruptus
602 2870 684 2917 suffra·
709 2870 739 2916 cd
756 2868 851 2932 ausim]
868 2868 954 2926 Fluvii,
970 2869 1011 2931 qni
1027 2868 1118 2917 ltaliam
1137 2886 1151 2916 a
1167 2870 1248 2916 Gallis

103 2940 104 2945 ’
146 2938 185 3000 gia
203 2938 329 2993 vendebat,
353 2953 397 2984 neo
418 2936 468 2983 sina
494 2934 639 2983 contentione
661 2941 686 2981 et
709 2933 818 2981 citeriore
840 2933 991 2982 disterminat.
1034 2936 1072 2982 Ad
1103 2933 1247 2983 Rubiconem

145 3001 215 3056 rixis,
225 3018 272 3048 uon
283 3016 335 3048 mro
346 3002 376 3048 ad
384 3001 472 3048 caedem
481 2999 587 3062 usquein
597 3001 685 3059 Campo
709 3006 787 3046 erecta
799 3000 877 3055 stabat
893 2998 998 3046 columna
1008 3014 1144 3055 marmorea,
1160 2999 1185 3046 iu
1202 3013 1250 3060 qua-

146 3066 243 3121 Martio,
260 3081 305 3126 quo
316 3066 370 3112 Kal.
382 3067 474 3114 Januar.
486 3065 516 3112 ad
527 3064 622 3110 oomiu's
632 3063 685 3110 des·
709 3061 849 3123 insculptum
869 3070 919 3110 erat
937 3063 982 3110 hoc
1003 3065 1246 3111 &commensalium-1

146 3132 267 3178 cendabst.
287 3129 407 3190 Ruptipns
418 3127 528 3183 Quirites,
541 3128 686 3188 Adpraedum
710 3129 882 3183 Iussusrou,
900 3141 1105 3183 nrnss,r1sovs
1124 3140 1248 3184 ismara,

145 3196 306 3255 strepitumque
317 3191 498 3257 lucrisuffiugiu
508 3201 607 3240 vetunt.
644 3189 686 3239 Vc·
710 3207 835 3244 ourseurs
853 3207 883 3239 ss
901 3207 947 3240 nrc
974 3207 1245 3248 srsrrro,vsir1nnurs

145 3258 323 3319 mlupopolus,
339 3258 423 3305 venulis
439 3259 507 3305 curia
521 3258 627 3312 Patruus.
644 3255 686 3304 Eat
711 3271 811 3312 s1ruro,
829 3271 908 3305 sums
931 3272 1077 3312 oseourro,
1095 3272 1146 3305 unc
1164 3264 1246 3306 erius
1320 3263 1327 3270 “

138 3322 210 3387 fucos
229 3324 254 3370 in
269 3325 349 3384 pretio.
367 3324 458 3369 Petron.
476 3320 686 3382 mutumque]
711 3336 785 3370 nuuc
813 3337 912 3369 suurn
950 3323 1123 3376 Ruurcoussr,
1155 3337 1248 3378 siens,

148 3386 265 3434 Venditor
284 3401 378 3434 suorum
398 3386 558 3448 suffragiorum
575 3386 685 3447 populus,
711 3402 790 3434 sous
808 3400 1003 3434 sxuscmouvs
1021 3401 1185 3434 rusoucrro.
1218 3389 1248 3435 St

147 3467 219 3514 quum
234 3449 686 3512 pecuniacorruptussuosmagistratus
711 3466 773 3502 eurs
791 3465 862 3498 anuo
879 3466 1019 3499 snvuusus
1044 3466 1186 3500 seucum
1209 3467 1248 3499 rr·

147 3516 361 3564 moderatricem
380 3515 524 3576 aseeo,qui
542 3514 628 3562 incidit
643 3514 759 3572 ali-,am
787 3530 945 3571 rueramus,
974 3530 1160 3564 sosuurcsrus
1183 3531 1247 3567 saro

148 3581 205 3642 quid
212 3579 354 3642 dividitque.
364 3578 454 3642 replens<
463 3581 505 3627 Gr.
513 3581 621 3628 Sectores
629 3579 687 3626 item
712 3596 803 3628 uosrrs
820 3582 880 3628 Por,
898 3582 966 3628 Rom.
985 3596 1017 3629 sc
1036 3596 1059 3629 er
1078 3596 1189 3636 suarna
1202 3597 1272 3628 rm.

148 3644 302 3706 appellantur,
318 3645 359 3707 qui
368 3644 449 3692 lucelli
459 3644 516 3692 silis
526 3657 592 3706 spem
602 3642 685 3698 secuti,
712 3660 801 3694 ramur
821 3660 899 3692 sums
917 3659 1045 3700 russum,
1063 3644 1113 3693 &c¹

148 3710 209 3756 bona
224 3710 383 3756 damnatorum
393 3707 418 3754 in
437 3709 586 3756 auctionibus
595 3723 686 3755 coema-
743 3713 800 3760 186.
828 3708 912 3772 lugens
931 3711 978 3763 uisu
1000 3711 1055 3763 duci
1075 3711 1166 3772 putris,
1188 3709 1247 3773 lim]

148 3774 212 3828 bant,
218 3775 418 3834 resendebautque
427 3773 509 3821 eadem
516 3773 597 3835 pluris.
618 3771 685 3820 Hert.
711 3773 810 3822 Videtur
826 3774 871 3821 hoc
885 3775 1001 3823 effinxisse
1011 3781 1089 3836 poeta,
1105 3791 1137 3823 ox
1147 3788 1176 3822 eo
1188 3791 1248 3822 som·

182 3841 239 3888 181.
258 3837 354 3900 thura]
372 3837 472 3886 Pecunia
487 3854 538 3900 quas
553 3837 578 3884 in
596 3837 686 3885 foeuore
711 3838 757 3894 nio,
767 3855 812 3901 quo
821 3841 900 3887 Gaesar
911 3839 950 3904 (ut
959 3841 1030 3888 relert
1041 3839 1191 3901 Plutarchus)
1202 3839 1248 3886 sibi

149 3903 208 3949 sorti
225 3903 324 3958 aceedit,
340 3905 403 3964 quod
411 3918 441 3950 ea
451 3918 482 3949 ex
493 3917 536 3949 usu
547 3903 685 3963 acquiretur.
710 3902 776 3951 visus
784 3911 822 3952 est
832 3905 901 3951 matri
912 3912 1017 3964 stuprum
1031 3903 1117 3952 inferre
1126 3921 1138 3963 3-
1150 3904 1248 3951 videsis

149 3966 228 4014 Grmoi
242 3965 406 4022 elucescant,
429 3967 495 4028 quasi
509 3975 601 4028 portum
615 3983 686 4028 pecu·
711 3975 827 4015 ostentm
851 3969 913 4029 quod
941 3967 1029 4016 Caesari
1050 3969 1080 4014 ad
1103 3968 1248 4016 Rubiconem

149 4031 201 4080 niae.
222 4033 307 4079 lloeuus
317 4031 417 4078 Varroni
427 4033 457 4078 de
469 4030 538 4095 Ling.
556 4033 608 4079 Lat.
623 4032 687 4080 idem
711 4032 828 4080 cunctanti
835 4039 860 4079 et
869 4032 1120 4095 cogitabuudot'aotum
1131 4041 1175 4090 est,
1186 4034 1248 4094 apud

149 4097 212 4158 quod
222 4112 298 4143 usura.
317 4095 517 4150 Honeavrom
534 4111 608 4154 oman,
629 4096 685 4158 δια]
711 4100 804 4146 Sueten.
817 4099 857 4146 38.
868 4113 919 4160 cap.
931 4098 978 4147 dul.
990 4099 1050 4146 Gaes.

149 4160 245 4209 Gemino
254 4162 386 4222 &prauum
395 4161 489 4224 gurgite
496 4162 597 4222 predum
609 4161 687 4209 Foeno·
745 4165 802 4220 188.
819 4161 891 4210 Curios
902 4160 1040 4228 effundens,
1064 4159 1122 4226 dte]
1142 4163 1250 4223 Propter

149 4226 378 4288 rmilluoiesnsuque
396 4227 564 4274 menesteus.
582 4226 685 4274 Arbiter.
711 4225 879 4288 antiquitatem.
1134 4246 1136 4253 ·

183 4293 239 4338 182.
257 4289 370 4338 Coccum
379 4289 461 4352 fides]
478 4291 628 4339 labefactus
637 4307 687 4338 cre-
744 4294 801 4339 189.
819 4289 916 4346 Lucere,
933 4288 990 4352 dte]
1008 4293 1047 4338 0b
1057 4290 1204 4338 discordiam.

149 4355 208 4402 dito.
227 4355 310 4404 Motu
320 4355 377 4406 utile
393 4355 497 4419 bellum]
529 4356 576 4415 Qui
592 4372 619 4404 rs
634 4371 687 4417 pro-
736 4359 801 4405 1192.
819 4354 943 4419 Hucusque
954 4355 1027 4419 item]
1044 4358 1083 4404 Ad
1097 4356 1248 4410 Rubiconem.
