2784 4860
339 345 560 412 CIVILlS
605 345 780 411 BELLI
827 343 953 410 ΙιΙΒ.Ι
973 345 1035 410 Ν.

136 522 216 586 Nos
232 522 268 585 in
291 525 480 605 conspicua
495 525 611 599 sociiS,
627 524 785 608 hostique
809 520 924 588 carina

138 631 353 696 Constituere
372 631 450 695 Dei.
466 634 666 715 praebebunt
681 654 821 717 aequora
838 641 954 711 testes,

139 740 349 805 Praebebunt
370 746 480 817 terrae,
503 744 643 806 summis
666 744 760 808 dabit
780 746 893 808 insula
913 745 1020 808 saxis.

138 849 352 933 Spectabunt
374 851 516 931 geminae
532 851 667 916 diverso
683 874 702 916 e
716 855 827 918 littore
842 859 967 936 partes

140 958 271 1023 Nescio
294 959 387 1041 quod
409 961 535 1029 uostris
549 981 708 1042 magnum
729 970 763 1027 et
776 965 994 1029 memorabile
1009 964 1089 1027 fatis

138 1068 355 1152 Exemplum,
373 1070 533 1146 Fortuna,
550 1091 662 1152 paras.
677 1095 890 1157 quaecunque
912 1096 974 1157 per
987 1090 1099 1140 aevum

140 1178 306 1243 Exhibuit
320 1181 528 1243 monimenta
542 1180 638 1258 fides,
662 1191 861 1267 servataque
876 1185 963 1251 ferro
987 1178 995 1184 ’

140 1287 277 1353 Militiae
299 1291 421 1371 pictas,
437 1291 593 1354 transibit
616 1299 733 1357 nostra
742 1295 913 1378 juventus.

140 1399 301 1481 Namque
325 1401 395 1462 suis
412 1421 474 1482 pro
489 1405 522 1463 te
537 1402 659 1482 gladiis
675 1404 869 1468 incumbere
884 1404 1002 1468 Caesar

140 1510 226 1574 Esse
239 1531 359 1592 parum
382 1513 530 1576 scimus:
555 1514 615 1575 sed
636 1534 705 1577 non
725 1516 857 1597 maJ'ora
872 1520 1052 1597 supersunt

139 1619 314 1697 Obsessis,
330 1623 414 1685 tanti
435 1642 512 1703 quae
529 1623 671 1704 pignora
693 1615 963 1688 demus‘amoris
1035 1622 1037 1624 ’
1122 1600 1133 1612 N

139 1730 323 1793 Abscindit
337 1736 461 1795 nostrae
483 1732 625 1794 multum
640 1752 713 1796 sors
728 1734 845 1798 invida
859 1735 963 1810 laudi,

140 1841 245 1918 Quod
269 1863 337 1904 non
354 1863 431 1905 cum
445 1844 583 1906 senibus
601 1844 693 1926 capti
707 1844 863 1924 natisque
879 1848 1040 1909 tenemur.
1092 1884 1097 1894 x

141 1952 331 2016 Indomitos
355 1953 442 2015 sciat
456 1972 532 2016 esse
547 1953 650 2029 vince,
667 1953 850 2034 timeatque
861 1943 1019 2028 furentes,
1037 1953 1050 1965 “
1172 1951 1238 2017 505
1322 1971 1330 1977 ·

140 2061 184 2124 Et
195 2063 296 2124 morti
314 2062 435 2125 faciles
458 2063 591 2125 animos
603 2083 611 2124 z
623 2068 624 2071 ’
635 2068 668 2126 01
683 2062 829 2142 gaudeat
850 2061 959 2128 hostis
1171 2064 1173 2070 ⁴

141 2170 224 2234 Non
239 2165 354 2252 plerus
370 2161 513 2241 haesisse
534 2178 635 2235 rates
660 2177 786 2239 tentare
802 2171 970 2255 parabunt

141 2280 356 2358 FoederibuS,
379 2283 536 2364 turpique
551 2283 666 2345 volent
689 2301 901 2362 corrumpere
923 2281 1004 2348 vita.
1088 2343 1091 2347 .

141 2389 171 2452 Ο
187 2392 328 2467 utinam,
345 2412 413 2473 quo
427 2393 506 2475 plus
521 2392 646 2455 habeat
665 2411 756 2468 mors
772 2391 875 2452 unica
896 2390 1009 2465 famae,

139 2500 343 2564 Promittant
364 2502 509 2576 veniam,
528 2501 672 2584 jubeant
694 2501 829 2582 sperare
852 2500 1015 2566 salutem:

139 2611 176 2674 N
178 2633 197 2674 e
213 2632 289 2685 nos,
309 2632 386 2675 oum
408 2613 520 2675 calido
536 2597 704 2675 fodiemus
720 2612 854 2674 viscera
868 2609 967 2685 ferro,

139 2723 353 2805 Desperasse
377 2728 505 2806 putent.
522 2745 645 2806 magna
664 2725 785 2787 virtute
806 2721 1001 2784 merendum
1017 2725 1078 2796 est,

140 2831 261 2896 Coesar
274 2839 322 2908 ut,
340 2821 475 2896 arnissis
487 2835 572 2917 iuter
594 2839 645 2896 tot
659 2833 766 2896 millia
780 2832 914 2914 paucis

142 2941 223 3005 Hoc
251 2943 419 3018 damnum,
437 2944 636 3025 clademque
647 2947 758 3010 vocet.
776 2942 855 3004 dent
869 2941 941 3003 fata
959 2960 1142 3016 recessum,

141 3063 252 3114 493110,
360 3067 539 3114 40400000.
647 3065 832 3116 rosumere.
845 3064 1007 3111 000000.
1116 3047 1237 3124 tesqua

173 3132 222 3182 498
235 3129 296 3175 betto.
330 3133 378 3178 503
390 3130 494 3177 Abscidit.
529 3130 666 3177 50310000.
700 3132 748 3177 505
761 3138 880 3189 tenacique.
912 3133 960 3185 509
973 3129 1037 3190 quod.
1072 3130 1120 3175 510
1132 3129 1206 3174 uitam.

174 3245 232 3291 497.
252 3242 396 3304 Qrtaecunquc
410 3258 459 3302 per,
482 3241 537 3304 dte]
555 3243 648 3298 Nostra,
665 3259 678 3289 o
703 3241 800 3287 consilio
812 3243 918 3302 deposito
930 3242 1074 3288 discedamus
1086 3241 1113 3290 ab
1123 3240 1198 3288 armis.

140 3312 245 3370 juvenes,
263 3307 320 3352 tides
337 3308 380 3366 pie.
397 3315 421 3355 et
439 3307 528 3358 fortiter
543 3307 679 3366 Imperatori
736 3310 791 3356 509.
812 3305 940 3362 Outinum,
953 3304 1008 3368 &c.]
1027 3306 1106 3367 Optat,
1122 3311 1148 3353 ut
1161 3305 1240 3352 hostes

142 3371 246 3436 praestita
264 3372 382 3429 superabit
401 3372 477 3417 omnia
492 3371 594 3416 omnium
613 3378 680 3430 quot·
704 3370 774 3416 vitam
785 3371 1027 3429 promittenttantum:
1042 3383 1085 3414 uon
1093 3369 1153 3428 quod
1162 3370 1241 3429 cupiat

143 3438 200 3504 'quot
209 3436 313 3481 historiis
324 3435 429 3481 mandata
440 3437 530 3482 fuerunt
540 3437 653 3497 exempla.
703 3435 782 3487 vivere
792 3449 799 3491 3
815 3436 856 3487 sed
867 3451 895 3486 ne
906 3435 1052 3482 existimetur
1063 3435 1093 3478 ob
1103 3448 1149 3481 rem
1158 3433 1243 3494 despe‹

175 3503 232 3548 502.
251 3499 363 3560 Obsessis]
380 3500 427 3545 Sed
442 3516 483 3546 uos
501 3500 590 3544 obsessi
606 3502 679 3559 majus
702 3507 775 3550 rutam
786 3499 831 3551 sibi
849 3499 954 3550 intulisse
971 3505 1076 3552 mortem,
1095 3497 1189 3546 vivendi
1207 3498 1240 3544 fe-

143 3566 417 3624 testimoniumpraestare
428 3580 609 3624 nonpossumus.
628 3564 680 3610 Sul·
703 3563 789 3609 cultote
802 3579 916 3609 concessa.
933 3564 993 3608 Nem
1009 3562 1101 3616 uoniam,
1117 3561 1188 3607 vitam
1205 3562 1244 3607 in*

141 3632 219 3699 pibus,
703 3627 796 3688 telligit.
814 3627 916 3673 Hortaris.
937 3625 1092 3689 llamajbmae,
1108 3625 1162 3689 &c.]
1181 3627 1240 3672 Sim-

178 3696 234 3747 504.
252 3693 346 3740 Senibus
363 3696 424 3752 copti
442 3693 541 3752 notisque
558 3691 678 3754 tenemus]
702 3688 767 3752 pler,
780 3707 825 3737 non
837 3691 885 3737 vim
902 3691 994 3742 aliunde
1011 3689 1102 3746 timens,
1121 3705 1164 3736 non
1181 3706 1240 3750 opus

144 3757 284 3815 Parentibus
302 3763 326 3802 et
344 3758 410 3811 nutis,
429 3773 487 3817 quos
505 3756 680 3817 Saguntinorum
703 3757 790 3802 habeus
810 3757 901 3802 adrnoto
917 3771 1038 3802 occurrere
1056 3754 1111 3807 luto,
1130 3751 1240 3815 utsupra

143 3814 340 3882 aequarrtes'srdem
349 3821 484 3874 trucidaturi
492 3836 593 3867 essemus
603 3821 679 3882 potius
704 3823 759 3868 480.
772 3837 806 3867 vs.
824 3835 837 3865 a
855 3819 1023 3880 desperationis
1042 3817 1193 3878 imputatione
1211 3818 1240 3864 li-

144 3903 213 3948 quam
223 3887 246 3931 in
257 3891 396 3944 potestatem
406 3885 506 3931 hostium
516 3885 628 3931 venirent.
703 3887 769 3930 bera(
1154 3936 1156 3941 .

177 3953 234 3998 506.
253 3949 283 3995 Et
293 3949 393 4010 gaudeat
404 3950 476 4004 bostis,
496 3949 553 4012 &c.]
572 3949 640 4004 Quod
660 3949 680 3994 si
736 3953 791 3998 512.
811 3947 997 4010 dlognouirtute,
1012 3947 1068 4011 &c.]
1087 3947 1240 4009 Egregioali-

144 4015 190 4061 illae
201 4016 254 4061 duae
270 4013 336 4059 simul
352 4014 470 4074 implicitrc
482 4014 568 4066 catenis
584 4013 680 4065 atterent
704 4029 749 4074 qno
760 4020 784 4058 et
794 4012 904 4072 singulari
914 4011 1056 4058 fortitudinis
1068 4012 1183 4072 exemplo.

143 4079 219 4134 nobis,
231 4094 277 4125 non
287 4077 444 4124 dubitaremus
456 4079 484 4133 de
493 4077 596 4124 victoria.
736 4079 792 4125 513.
810 4076 915 4140 Paucis]
933 4076 1032 4123 Cohorte
1043 4091 1094 4122 uua

177 4146 233 4192 507.
252 4141 347 4188 Tentare
354 4144 468 4202 parabunt
480 4141 613 4198 Fuderibus,
629 4150 679 4187 tur·
736 4144 791 4190 514.
810 4140 871 4188 Dent
873 4139 930 4204 fatu
936 4141 1063 4204 recessum]
1077 4139 1189 4208 Quamvis
1198 4141 1239 4186 mi-

141 4209 216 4272 pique,
228 4206 283 4271 tte]
302 4207 344 4252 Vel
364 4223 417 4252 cum
434 4207 545 4254 servitute
561 4207 598 4252 vel
613 4207 679 4252 inho·
703 4206 728 4253 hi
738 4208 784 4255 tata
794 4207 882 4260 darent,
893 4212 920 4253 ut
934 4205 1057 4254 incolumis
1070 4205 1155 4268 possim
1164 4204 1239 4250 disce·

143 4274 210 4318 'nesto
222 4271 340 4318 deditione
356 4273 483 4331 conjunctae
502 4270 555 4317 vitae
567 4271 679 4318 conditio·
704 4271 767 4326 dere‚
777 4271 848 4323 nolim
854 4279 929 4318 tamen
935 4275 1072 4332 praesentem
1079 4275 1175 4324 mortem
1182 4268 1239 4314 elfn-

144 4352 197 4393 pem
215 4335 281 4392 nobis
301 4336 391 4392 oll'erre,
407 4352 453 4407 quo
466 4336 583 4404 pertinaci
600 4335 679 4383 mortis
704 4351 766 4399 gere.
825 4371 827 4374 ψ
