<?xml version="1.0" encoding="UTF-8"?>
<!DOCTYPE html PUBLIC "-//W3C//DTD XHTML 1.0 Transitional//EN"
    "http://www.w3.org/TR/xhtml1/DTD/xhtml1-transitional.dtd">
<html xmlns="http://www.w3.org/1999/xhtml" xml:lang="en" lang="en">
 <head>
  <title>
</title>
<meta http-equiv="Content-Type" content="text/html;charset=utf-8" />
  <meta name='ocr-system' content='tesseract 3.04.00' />
  <meta name='ocr-capabilities' content='ocr_page ocr_carea ocr_par ocr_line ocrx_word'/>
</head>
<body>
  <div class='ocr_page' id='page_1' title='image "./mannaeuslucanus00grotgoog/mannaeuslucanus00grotgoog_0289.png"; bbox 0 0 2784 4860; ppageno 0'>
   <div class='ocr_carea' id='block_1_1' title="bbox 139 310 999 401">
    <p class='ocr_par' dir='ltr' id='par_1_1' title="bbox 139 310 999 401">
     <span class='ocr_line' id='line_1_1' title="bbox 139 310 999 401; baseline -0.003 0"><span class='ocrx_word' id='word_1_1' title='bbox 139 310 206 401; x_wconf 74' lang='lat' dir='ltr'>ode</span> <span class='ocrx_word' id='word_1_2' title='bbox 412 326 463 393; x_wconf 87' lang='lat' dir='ltr'>n.</span> <span class='ocrx_word' id='word_1_3' title='bbox 506 326 710 396; x_wconf 74' lang='lat' dir='ltr'>runnr</span> <span class='ocrx_word' id='word_1_4' title='bbox 754 319 999 401; x_wconf 78' lang='lat' dir='ltr'>noc&#39;srrr·</span> 
     </span>
    </p>
   </div>
   <div class='ocr_carea' id='block_1_2' title="bbox 70 488 984 808">
    <p class='ocr_par' dir='ltr' id='par_1_2' title="bbox 70 488 984 808">
     <span class='ocr_line' id='line_1_2' title="bbox 70 488 975 586; baseline 0.01 -22"><span class='ocrx_word' id='word_1_5' title='bbox 70 488 75 495; x_wconf 73' lang='grc'><strong>’</strong></span> <span class='ocrx_word' id='word_1_6' title='bbox 141 499 212 580; x_wconf 87' lang='lat' dir='ltr'>Qui</span> <span class='ocrx_word' id='word_1_7' title='bbox 231 520 312 567; x_wconf 90' lang='lat' dir='ltr'>mox</span> <span class='ocrx_word' id='word_1_8' title='bbox 336 499 494 584; x_wconf 85' lang='lat' dir='ltr'>Scyllaeis</span> <span class='ocrx_word' id='word_1_9' title='bbox 514 505 593 568; x_wconf 89' lang='lat' dir='ltr'>exul</span> <span class='ocrx_word' id='word_1_10' title='bbox 609 511 783 586; x_wconf 80' lang='lat' dir='ltr'>grassatus</span> <span class='ocrx_word' id='word_1_11' title='bbox 804 509 840 572; x_wconf 91' lang='lat' dir='ltr'>in</span> <span class='ocrx_word' id='word_1_12' title='bbox 859 507 975 585; x_wconf 84' lang='lat' dir='ltr'>undis,</span> 
     </span>
     <span class='ocr_line' id='line_1_3' title="bbox 140 609 981 701; baseline 0.01 -26"><span class='ocrx_word' id='word_1_13' title='bbox 140 609 272 676; x_wconf 90' lang='lat' dir='ltr'>Polluit</span> <span class='ocrx_word' id='word_1_14' title='bbox 290 632 469 696; x_wconf 85' lang='lat' dir='ltr'>aequoreos</span> <span class='ocrx_word' id='word_1_15' title='bbox 484 613 620 680; x_wconf 88' lang='lat' dir='ltr'>Siculus</span> <span class='ocrx_word' id='word_1_16' title='bbox 642 618 754 699; x_wconf 85' lang='lat' dir='ltr'>pirata</span> <span class='ocrx_word' id='word_1_17' title='bbox 768 618 981 701; x_wconf 88' lang='lat' dir='ltr'>triumphos.¹</span> 
     </span>
     <span class='ocr_line' id='line_1_4' title="bbox 143 720 984 808; baseline 0.008 -23"><span class='ocrx_word' id='word_1_18' title='bbox 143 720 214 801; x_wconf 82' lang='lat' dir='ltr'>Qui</span> <span class='ocrx_word' id='word_1_19' title='bbox 230 724 423 787; x_wconf 86' lang='lat' dir='ltr'>stimulante</span> <span class='ocrx_word' id='word_1_20' title='bbox 439 730 531 788; x_wconf 89' lang='lat' dir='ltr'>metu</span> <span class='ocrx_word' id='word_1_21' title='bbox 546 726 607 788; x_wconf 91' lang='lat' dir='ltr'>fati</span> <span class='ocrx_word' id='word_1_22' title='bbox 622 746 835 808; x_wconf 78' lang='lat' dir='ltr'>praenoscere</span> <span class='ocrx_word' id='word_1_23' title='bbox 852 745 984 804; x_wconf 74' lang='lat' dir='ltr'>cursnS,</span> 
     </span>
    </p>
   </div>
   <div class='ocr_carea' id='block_1_3' title="bbox 47 832 1061 920">
    <p class='ocr_par' dir='ltr' id='par_1_3' title="bbox 47 832 1061 920">
     <span class='ocr_line' id='line_1_5' title="bbox 47 832 1061 920; baseline 0.004 -23"><span class='ocrx_word' id='word_1_24' title='bbox 47 859 50 865; x_wconf 62' lang='grc'><em>’</em></span> <span class='ocrx_word' id='word_1_25' title='bbox 141 832 398 916; x_wconf 84' lang='lat' dir='ltr'>Impatiensque</span> <span class='ocrx_word' id='word_1_26' title='bbox 413 854 529 910; x_wconf 86' lang='lat' dir='ltr'>morae,</span> <span class='ocrx_word' id='word_1_27' title='bbox 544 835 761 918; x_wconf 88' lang='lat' dir='ltr'>venturisque</span> <span class='ocrx_word' id='word_1_28' title='bbox 777 837 936 900; x_wconf 89' lang='lat' dir='ltr'>omnibus</span> <span class='ocrx_word' id='word_1_29' title='bbox 950 854 1061 920; x_wconf 79' lang='lat' dir='ltr'>aegcr3</span> 
     </span>
    </p>
   </div>
   <div class='ocr_carea' id='block_1_4' title="bbox 56 944 1247 2243">
    <p class='ocr_par' dir='ltr' id='par_1_4' title="bbox 141 944 1247 1142">
     <span class='ocr_line' id='line_1_6' title="bbox 141 944 1247 1029; baseline 0.005 -20"><span class='ocrx_word' id='word_1_30' title='bbox 141 944 225 1010; x_wconf 89' lang='lat' dir='ltr'>Non</span> <span class='ocrx_word' id='word_1_31' title='bbox 240 946 394 1028; x_wconf 86' lang='lat' dir='ltr'>tripodas</span> <span class='ocrx_word' id='word_1_32' title='bbox 410 946 501 1024; x_wconf 92' lang='lat' dir='ltr'>Deli,</span> <span class='ocrx_word' id='word_1_33' title='bbox 516 967 585 1010; x_wconf 90' lang='lat' dir='ltr'>non</span> <span class='ocrx_word' id='word_1_34' title='bbox 602 946 727 1029; x_wconf 85' lang='lat' dir='ltr'>Pythia</span> <span class='ocrx_word' id='word_1_35' title='bbox 742 949 890 1013; x_wconf 88' lang='lat' dir='ltr'>consulit</span> <span class='ocrx_word' id='word_1_36' title='bbox 904 953 1013 1024; x_wconf 86' lang='lat' dir='ltr'>antra,</span> <span class='ocrx_word' id='word_1_37' title='bbox 1174 948 1247 1015; x_wconf 64' lang='lat'>425</span> 
     </span>
     <span class='ocr_line' id='line_1_7' title="bbox 141 1055 1178 1142; baseline 0.003 -20"><span class='ocrx_word' id='word_1_38' title='bbox 141 1055 218 1122; x_wconf 88' lang='lat' dir='ltr'>Nec</span> <span class='ocrx_word' id='word_1_39' title='bbox 236 1058 403 1141; x_wconf 84' lang='lat' dir='ltr'>quaesisse</span> <span class='ocrx_word' id='word_1_40' title='bbox 419 1058 513 1133; x_wconf 91' lang='lat' dir='ltr'>libet,</span> <span class='ocrx_word' id='word_1_41' title='bbox 534 1059 653 1141; x_wconf 91' lang='lat' dir='ltr'>primis</span> <span class='ocrx_word' id='word_1_42' title='bbox 674 1060 757 1141; x_wconf 92' lang='lat' dir='ltr'>quid</span> <span class='ocrx_word' id='word_1_43' title='bbox 771 1060 925 1142; x_wconf 82' lang='lat' dir='ltr'>frugibus</span> <span class='ocrx_word' id='word_1_44' title='bbox 945 1060 1048 1125; x_wconf 82' lang='lat' dir='ltr'>altrix</span> <span class='ocrx_word' id='word_1_45' title='bbox 1073 1108 1077 1113; x_wconf 86' lang='lat'>-</span> <span class='ocrx_word' id='word_1_46' title='bbox 1174 1056 1178 1062; x_wconf 75' lang='grc'><strong>’</strong></span> 
     </span>
    </p>

    <p class='ocr_par' dir='ltr' id='par_1_5' title="bbox 56 1166 962 1260">
     <span class='ocr_line' id='line_1_8' title="bbox 56 1166 962 1260; baseline 0.003 -29"><span class='ocrx_word' id='word_1_47' title='bbox 56 1248 67 1260; x_wconf 42' lang='grc'><em>.</em></span> <span class='ocrx_word' id='word_1_48' title='bbox 140 1166 208 1232; x_wconf 89' lang='lat' dir='ltr'>Ore</span> <span class='ocrx_word' id='word_1_49' title='bbox 224 1168 324 1232; x_wconf 81' lang='lat' dir='ltr'>lovis</span> <span class='ocrx_word' id='word_1_50' title='bbox 340 1169 490 1232; x_wconf 92' lang='lat' dir='ltr'>Dodona</span> <span class='ocrx_word' id='word_1_51' title='bbox 504 1175 613 1245; x_wconf 90' lang='lat' dir='ltr'>sonet,</span> <span class='ocrx_word' id='word_1_52' title='bbox 629 1171 706 1253; x_wconf 87' lang='lat' dir='ltr'>quis</span> <span class='ocrx_word' id='word_1_53' title='bbox 720 1191 861 1234; x_wconf 85' lang='lat' dir='ltr'>noscere</span> <span class='ocrx_word' id='word_1_54' title='bbox 876 1171 962 1234; x_wconf 88' lang='lat' dir='ltr'>fibra</span> 
     </span>
    </p>

    <p class='ocr_par' dir='ltr' id='par_1_6' title="bbox 140 1276 1080 1363">
     <span class='ocr_line' id='line_1_9' title="bbox 140 1276 1080 1363; baseline 0.004 -22"><span class='ocrx_word' id='word_1_55' title='bbox 140 1276 230 1342; x_wconf 83' lang='lat' dir='ltr'>Fata</span> <span class='ocrx_word' id='word_1_56' title='bbox 252 1285 366 1362; x_wconf 88' lang='lat' dir='ltr'>queat,</span> <span class='ocrx_word' id='word_1_57' title='bbox 383 1280 461 1362; x_wconf 94' lang='lat' dir='ltr'>quis</span> <span class='ocrx_word' id='word_1_58' title='bbox 476 1280 599 1361; x_wconf 89' lang='lat' dir='ltr'>prodat</span> <span class='ocrx_word' id='word_1_59' title='bbox 613 1300 706 1355; x_wconf 75' lang='lat' dir='ltr'>avec,</span> <span class='ocrx_word' id='word_1_60' title='bbox 723 1281 800 1362; x_wconf 91' lang='lat' dir='ltr'>quis</span> <span class='ocrx_word' id='word_1_61' title='bbox 815 1279 949 1363; x_wconf 82' lang='lat' dir='ltr'>fulgura</span> <span class='ocrx_word' id='word_1_62' title='bbox 964 1280 1046 1345; x_wconf 90' lang='lat' dir='ltr'>coeli</span> <span class='ocrx_word' id='word_1_63' title='bbox 1077 1302 1080 1307; x_wconf 91' lang='lat'>·</span> 
     </span>
    </p>

    <p class='ocr_par' dir='ltr' id='par_1_7' title="bbox 139 1366 1246 1798">
     <span class='ocr_line' id='line_1_10' title="bbox 141 1366 1175 1470; baseline 0 -16"><span class='ocrx_word' id='word_1_64' title='bbox 141 1388 260 1454; x_wconf 89' lang='lat' dir='ltr'>Servet</span> <span class='ocrx_word' id='word_1_65' title='bbox 275 1394 309 1452; x_wconf 92' lang='lat' dir='ltr'>et</span> <span class='ocrx_word' id='word_1_66' title='bbox 324 1388 469 1470; x_wconf 88' lang='lat' dir='ltr'>Assyria</span> <span class='ocrx_word' id='word_1_67' title='bbox 484 1394 649 1452; x_wconf 84' lang='lat' dir='ltr'>scrutetur</span> <span class='ocrx_word' id='word_1_68' title='bbox 665 1390 778 1453; x_wconf 87' lang='lat' dir='ltr'>sidera</span> <span class='ocrx_word' id='word_1_69' title='bbox 792 1410 885 1468; x_wconf 86' lang='lat' dir='ltr'>cura,</span> <span class='ocrx_word' id='word_1_70' title='bbox 1172 1366 1175 1375; x_wconf 32' lang='grc' dir='ltr'>Ι</span> 
     </span>
     <span class='ocr_line' id='line_1_11' title="bbox 140 1488 1246 1583; baseline 0.005 -20"><span class='ocrx_word' id='word_1_71' title='bbox 140 1497 212 1563; x_wconf 83' lang='lat' dir='ltr'>Aut</span> <span class='ocrx_word' id='word_1_72' title='bbox 228 1500 257 1563; x_wconf 88' lang='lat' dir='ltr'>si</span> <span class='ocrx_word' id='word_1_73' title='bbox 274 1488 355 1581; x_wconf 75' lang='lat' dir='ltr'>quid</span> <span class='ocrx_word' id='word_1_74' title='bbox 373 1501 525 1575; x_wconf 90' lang='lat' dir='ltr'>tacitum,</span> <span class='ocrx_word' id='word_1_75' title='bbox 545 1500 605 1563; x_wconf 91' lang='lat' dir='ltr'>sed</span> <span class='ocrx_word' id='word_1_76' title='bbox 622 1499 687 1575; x_wconf 88' lang='lat' dir='ltr'>fas,</span> <span class='ocrx_word' id='word_1_77' title='bbox 703 1505 785 1562; x_wconf 92' lang='lat' dir='ltr'>erat.</span> <span class='ocrx_word' id='word_1_78' title='bbox 800 1501 858 1563; x_wconf 91' lang='lat' dir='ltr'>ille</span> <span class='ocrx_word' id='word_1_79' title='bbox 876 1502 1032 1583; x_wconf 89' lang='lat' dir='ltr'>supernis</span> <span class='ocrx_word' id='word_1_80' title='bbox 1175 1501 1246 1569; x_wconf 75' lang='lat'>430</span> 
     </span>
     <span class='ocr_line' id='line_1_12' title="bbox 139 1609 1173 1692; baseline 0.002 -19"><span class='ocrx_word' id='word_1_81' title='bbox 139 1609 355 1673; x_wconf 66' lang='lat' dir='ltr'>,Detestanda</span> <span class='ocrx_word' id='word_1_82' title='bbox 369 1609 455 1672; x_wconf 91' lang='lat' dir='ltr'>Deis</span> <span class='ocrx_word' id='word_1_83' title='bbox 471 1630 640 1673; x_wconf 81' lang='lat' dir='ltr'>saevorum</span> <span class='ocrx_word' id='word_1_84' title='bbox 655 1628 780 1673; x_wconf 89' lang='lat' dir='ltr'>arcana</span> <span class='ocrx_word' id='word_1_85' title='bbox 801 1609 982 1692; x_wconf 85' lang='lat' dir='ltr'>Magorum</span> <span class='ocrx_word' id='word_1_86' title='bbox 1169 1616 1173 1621; x_wconf 83' lang='lat'>&#39;</span> 
     </span>
     <span class='ocr_line' id='line_1_13' title="bbox 141 1710 927 1798; baseline 0.005 -17"><span class='ocrx_word' id='word_1_87' title='bbox 141 1717 311 1794; x_wconf 87' lang='lat' dir='ltr'>Moverat,</span> <span class='ocrx_word' id='word_1_88' title='bbox 332 1724 366 1781; x_wconf 92' lang='lat' dir='ltr'>et</span> <span class='ocrx_word' id='word_1_89' title='bbox 390 1710 520 1782; x_wconf 46' lang='lat' dir='ltr'>tristeis‘</span> <span class='ocrx_word' id='word_1_90' title='bbox 537 1719 644 1782; x_wconf 86' lang='lat' dir='ltr'>sacris</span> <span class='ocrx_word' id='word_1_91' title='bbox 660 1719 822 1783; x_wconf 88' lang='lat' dir='ltr'>feralibus</span> <span class='ocrx_word' id='word_1_92' title='bbox 838 1740 927 1798; x_wconf 74' lang='lat' dir='ltr'>arae,</span> 
     </span>
    </p>

    <p class='ocr_par' dir='ltr' id='par_1_8' title="bbox 141 1808 1056 1914">
     <span class='ocr_line' id='line_1_14' title="bbox 141 1808 1056 1914; baseline 0.005 -22"><span class='ocrx_word' id='word_1_93' title='bbox 141 1827 357 1904; x_wconf 91' lang='lat' dir='ltr'>Umbrarum,</span> <span class='ocrx_word' id='word_1_94' title='bbox 374 1829 533 1912; x_wconf 88' lang='lat' dir='ltr'>Ditisque</span> <span class='ocrx_word' id='word_1_95' title='bbox 549 1823 670 1893; x_wconf 87' lang='lat' dir='ltr'>fidem:</span> <span class='ocrx_word' id='word_1_96' title='bbox 693 1808 886 1914; x_wconf 89' lang='lat' dir='ltr'>miseroque</span> <span class='ocrx_word' id='word_1_97' title='bbox 901 1832 1056 1914; x_wconf 89' lang='lat' dir='ltr'>liquebat</span> 
     </span>
    </p>

    <p class='ocr_par' dir='ltr' id='par_1_9' title="bbox 141 1940 1247 2243">
     <span class='ocr_line' id='line_1_15' title="bbox 141 1940 1088 2025; baseline 0 -18"><span class='ocrx_word' id='word_1_98' title='bbox 141 1941 237 2007; x_wconf 86' lang='lat' dir='ltr'>Scire</span> <span class='ocrx_word' id='word_1_99' title='bbox 257 1960 378 2024; x_wconf 88' lang='lat' dir='ltr'>pamm</span> <span class='ocrx_word' id='word_1_100' title='bbox 394 1940 556 2024; x_wconf 84' lang='lat' dir='ltr'>Superos.</span> <span class='ocrx_word' id='word_1_101' title='bbox 572 1961 709 2017; x_wconf 87' lang='lat' dir='ltr'>vanum,</span> <span class='ocrx_word' id='word_1_102' title='bbox 726 1961 925 2025; x_wconf 82' lang='lat' dir='ltr'>saevumque</span> <span class='ocrx_word' id='word_1_103' title='bbox 941 1942 1088 2007; x_wconf 82' lang='lat' dir='ltr'>imorem</span> 
     </span>
     <span class='ocr_line' id='line_1_16' title="bbox 141 2050 1247 2135; baseline 0.005 -21"><span class='ocrx_word' id='word_1_104' title='bbox 141 2050 295 2135; x_wconf 87' lang='lat' dir='ltr'>Adjuvat</span> <span class='ocrx_word' id='word_1_105' title='bbox 309 2053 384 2134; x_wconf 90' lang='lat' dir='ltr'>ipsc</span> <span class='ocrx_word' id='word_1_106' title='bbox 404 2053 513 2128; x_wconf 92' lang='lat' dir='ltr'>locus,</span> <span class='ocrx_word' id='word_1_107' title='bbox 530 2053 711 2134; x_wconf 90' lang='lat' dir='ltr'>vicinaque</span> <span class='ocrx_word' id='word_1_108' title='bbox 731 2053 860 2116; x_wconf 86' lang='lat' dir='ltr'>moenia</span> <span class='ocrx_word' id='word_1_109' title='bbox 875 2053 996 2120; x_wconf 82' lang='lat' dir='ltr'>castris</span> <span class='ocrx_word' id='word_1_110' title='bbox 1177 2052 1247 2119; x_wconf 75' lang='grc'><strong>436</strong></span> 
     </span>
     <span class='ocr_line' id='line_1_17' title="bbox 142 2159 1012 2243; baseline 0 -18"><span class='ocrx_word' id='word_1_111' title='bbox 142 2159 397 2237; x_wconf 86' lang='lat' dir='ltr'>Haemonidum,</span> <span class='ocrx_word' id='word_1_112' title='bbox 413 2160 484 2224; x_wconf 88' lang='lat' dir='ltr'>ficti</span> <span class='ocrx_word' id='word_1_113' title='bbox 501 2180 587 2243; x_wconf 89' lang='lat' dir='ltr'>quas</span> <span class='ocrx_word' id='word_1_114' title='bbox 602 2161 696 2224; x_wconf 90' lang='lat' dir='ltr'>nulla</span> <span class='ocrx_word' id='word_1_115' title='bbox 710 2161 851 2225; x_wconf 88' lang='lat' dir='ltr'>licentia</span> <span class='ocrx_word' id='word_1_116' title='bbox 871 2163 1012 2227; x_wconf 82' lang='lat' dir='ltr'>monstri</span> 
     </span>
    </p>
   </div>
   <div class='ocr_carea' id='block_1_5' title="bbox 206 2314 1186 2515">
    <p class='ocr_par' dir='ltr' id='par_1_10' title="bbox 206 2314 1186 2515">
     <span class='ocr_line' id='line_1_18' title="bbox 206 2314 1186 2401; baseline 0.002 -19"><span class='ocrx_word' id='word_1_117' title='bbox 206 2336 372 2383; x_wconf 63' lang='lat' dir='ltr'>tarvenna.</span> <span class='ocrx_word' id='word_1_118' title='bbox 425 2314 583 2384; x_wconf 62' lang='lat' dir='ltr'>‘rasuera</span> <span class='ocrx_word' id='word_1_119' title='bbox 680 2335 947 2401; x_wconf 67' lang='lat' dir='ltr'>sasprancynuu.</span> <span class='ocrx_word' id='word_1_120' title='bbox 1063 2334 1186 2386; x_wconf 71' lang='lat' dir='ltr'>sacua.</span> 
     </span>
     <span class='ocr_line' id='line_1_19' title="bbox 325 2399 1060 2463; baseline 0.003 -16"><span class='ocrx_word' id='word_1_121' title='bbox 325 2404 374 2447; x_wconf 70' lang='lat'>427</span> <span class='ocrx_word' id='word_1_122' title='bbox 386 2399 526 2457; x_wconf 79' lang='lat' dir='ltr'>AEre,Siltu.</span> <span class='ocrx_word' id='word_1_123' title='bbox 641 2401 825 2449; x_wconf 77' lang='lat' dir='ltr'>431Deresuu.</span> <span class='ocrx_word' id='word_1_124' title='bbox 900 2404 981 2463; x_wconf 34' lang='lat'>‚431</span> <span class='ocrx_word' id='word_1_125' title='bbox 999 2399 1060 2450; x_wconf 76' lang='lat' dir='ltr'>Diis.</span> 
     </span>
     <span class='ocr_line' id='line_1_20' title="bbox 481 2463 994 2515; baseline 0.008 -4"><span class='ocrx_word' id='word_1_126' title='bbox 481 2467 530 2511; x_wconf 79' lang='lat'>432</span> <span class='ocrx_word' id='word_1_127' title='bbox 541 2463 646 2512; x_wconf 80' lang='lat' dir='ltr'>Noverat.</span> <span class='ocrx_word' id='word_1_128' title='bbox 809 2468 858 2514; x_wconf 83' lang='grc'><strong>436</strong></span> <span class='ocrx_word' id='word_1_129' title='bbox 870 2469 967 2515; x_wconf 66' lang='lat' dir='ltr'>euentu</span> <span class='ocrx_word' id='word_1_130' title='bbox 991 2493 994 2500; x_wconf 92' lang='lat'>·</span> 
     </span>
    </p>
   </div>
   <div class='ocr_carea' id='block_1_6' title="bbox 142 2603 1246 3249">
    <p class='ocr_par' dir='ltr' id='par_1_11' title="bbox 142 2603 1246 3249">
     <span class='ocr_line' id='line_1_21' title="bbox 142 2603 1245 2667; baseline 0.002 -15"><span class='ocrx_word' id='word_1_131' title='bbox 142 2621 195 2652; x_wconf 86' lang='lat' dir='ltr'>curn</span> <span class='ocrx_word' id='word_1_132' title='bbox 214 2603 298 2667; x_wconf 76' lang='lat' dir='ltr'>ignava</span> <span class='ocrx_word' id='word_1_133' title='bbox 317 2611 341 2652; x_wconf 86' lang='lat' dir='ltr'>et</span> <span class='ocrx_word' id='word_1_134' title='bbox 358 2603 496 2666; x_wconf 85' lang='lat' dir='ltr'>pusilanima</span> <span class='ocrx_word' id='word_1_135' title='bbox 513 2605 582 2665; x_wconf 89' lang='lat' dir='ltr'>plebe</span> <span class='ocrx_word' id='word_1_136' title='bbox 598 2605 680 2666; x_wconf 80' lang='lat' dir='ltr'>timet3</span> <span class='ocrx_word' id='word_1_137' title='bbox 704 2605 750 2652; x_wconf 87' lang='lat' dir='ltr'>alia</span> <span class='ocrx_word' id='word_1_138' title='bbox 760 2605 873 2653; x_wconf 88' lang='lat' dir='ltr'>divinatio</span> <span class='ocrx_word' id='word_1_139' title='bbox 890 2605 960 2653; x_wconf 83' lang='lat' dir='ltr'>tacita</span> <span class='ocrx_word' id='word_1_140' title='bbox 977 2611 1035 2662; x_wconf 87' lang='lat' dir='ltr'>erat,</span> <span class='ocrx_word' id='word_1_141' title='bbox 1053 2605 1096 2653; x_wconf 85' lang='lat' dir='ltr'>sed</span> <span class='ocrx_word' id='word_1_142' title='bbox 1111 2604 1190 2653; x_wconf 74' lang='lat' dir='ltr'>lietu:</span> <span class='ocrx_word' id='word_1_143' title='bbox 1200 2606 1245 2654; x_wconf 75' lang='lat' dir='ltr'>sat</span> 
     </span>
     <span class='ocr_line' id='line_1_22' title="bbox 143 2670 1245 2733; baseline 0.003 -16"><span class='ocrx_word' id='word_1_144' title='bbox 143 2671 289 2730; x_wconf 86' lang='lat' dir='ltr'>solicitatque</span> <span class='ocrx_word' id='word_1_145' title='bbox 300 2676 361 2716; x_wconf 83' lang='lat' dir='ltr'>artes</span> <span class='ocrx_word' id='word_1_146' title='bbox 372 2670 473 2730; x_wconf 80' lang='lat' dir='ltr'>magicus</span> <span class='ocrx_word' id='word_1_147' title='bbox 491 2671 518 2716; x_wconf 85' lang='lat' dir='ltr'>ad</span> <span class='ocrx_word' id='word_1_148' title='bbox 534 2685 680 2729; x_wconf 83' lang='lat' dir='ltr'>praecognos-</span> <span class='ocrx_word' id='word_1_149' title='bbox 704 2670 743 2715; x_wconf 89' lang='lat' dir='ltr'>ille</span> <span class='ocrx_word' id='word_1_150' title='bbox 755 2671 895 2726; x_wconf 79' lang='lat' dir='ltr'>solicitabat,</span> <span class='ocrx_word' id='word_1_151' title='bbox 907 2670 1186 2733; x_wconf 61' lang='lat' dir='ltr'>sacramentotenus,</span> <span class='ocrx_word' id='word_1_152' title='bbox 1194 2670 1245 2720; x_wconf 82' lang='lat' dir='ltr'>diis</span> 
     </span>
     <span class='ocr_line' id='line_1_23' title="bbox 142 2735 1246 2797; baseline -0.001 -15"><span class='ocrx_word' id='word_1_153' title='bbox 142 2736 241 2782; x_wconf 85' lang='lat' dir='ltr'>cendum</span> <span class='ocrx_word' id='word_1_154' title='bbox 252 2735 306 2781; x_wconf 87' lang='lat' dir='ltr'>belli</span> <span class='ocrx_word' id='word_1_155' title='bbox 315 2742 431 2781; x_wconf 88' lang='lat' dir='ltr'>eventum.</span> <span class='ocrx_word' id='word_1_156' title='bbox 704 2735 795 2794; x_wconf 86' lang='lat' dir='ltr'>superis</span> <span class='ocrx_word' id='word_1_157' title='bbox 807 2736 934 2781; x_wconf 82' lang='lat' dir='ltr'>detestata:</span> <span class='ocrx_word' id='word_1_158' title='bbox 951 2750 1131 2797; x_wconf 84' lang='lat' dir='ltr'>persuasumque</span> <span class='ocrx_word' id='word_1_159' title='bbox 1142 2735 1246 2786; x_wconf 71' lang='lat' dir='ltr'>babebat</span> 
     </span>
     <span class='ocr_line' id='line_1_24' title="bbox 174 2796 1242 2861; baseline 0.001 -15"><span class='ocrx_word' id='word_1_160' title='bbox 174 2802 232 2846; x_wconf 71' lang='lat'>421.</span> <span class='ocrx_word' id='word_1_161' title='bbox 252 2800 299 2852; x_wconf 82' lang='lat' dir='ltr'>Qui</span> <span class='ocrx_word' id='word_1_162' title='bbox 309 2815 357 2845; x_wconf 76' lang='lat' dir='ltr'>mor</span> <span class='ocrx_word' id='word_1_163' title='bbox 372 2798 475 2861; x_wconf 66' lang='lat' dir='ltr'>Septimis,</span> <span class='ocrx_word' id='word_1_164' title='bbox 493 2796 550 2859; x_wconf 72' lang='lat' dir='ltr'>dic]</span> <span class='ocrx_word' id='word_1_165' title='bbox 568 2798 615 2855; x_wconf 85' lang='lat' dir='ltr'>Qui</span> <span class='ocrx_word' id='word_1_166' title='bbox 627 2815 679 2860; x_wconf 87' lang='lat' dir='ltr'>pos·</span> <span class='ocrx_word' id='word_1_167' title='bbox 704 2799 771 2844; x_wconf 88' lang='lat' dir='ltr'>reddi</span> <span class='ocrx_word' id='word_1_168' title='bbox 784 2799 910 2847; x_wconf 75' lang='lat' dir='ltr'>omuibus</span> <span class='ocrx_word' id='word_1_169' title='bbox 920 2799 1091 2858; x_wconf 83' lang='lat' dir='ltr'>Daemoniisque</span> <span class='ocrx_word' id='word_1_170' title='bbox 1100 2815 1142 2861; x_wconf 87' lang='lat' dir='ltr'>per</span> <span class='ocrx_word' id='word_1_171' title='bbox 1152 2801 1242 2847; x_wconf 79' lang='lat' dir='ltr'>Necro-</span> 
     </span>
     <span class='ocr_line' id='line_1_25' title="bbox 142 2863 1244 2924; baseline 0 -13"><span class='ocrx_word' id='word_1_172' title='bbox 142 2865 283 2924; x_wconf 85' lang='lat' dir='ltr'>teaelapsus</span> <span class='ocrx_word' id='word_1_173' title='bbox 301 2865 367 2910; x_wconf 84' lang='lat' dir='ltr'>clade</span> <span class='ocrx_word' id='word_1_174' title='bbox 382 2865 411 2909; x_wconf 87' lang='lat' dir='ltr'>ad</span> <span class='ocrx_word' id='word_1_175' title='bbox 425 2863 543 2917; x_wconf 81' lang='lat' dir='ltr'>Mundum,</span> <span class='ocrx_word' id='word_1_176' title='bbox 560 2863 680 2922; x_wconf 81' lang='lat' dir='ltr'>piraticam</span> <span class='ocrx_word' id='word_1_177' title='bbox 703 2863 808 2909; x_wconf 88' lang='lat' dir='ltr'>mantiam</span> <span class='ocrx_word' id='word_1_178' title='bbox 828 2879 856 2910; x_wconf 84' lang='lat' dir='ltr'>oa</span> <span class='ocrx_word' id='word_1_179' title='bbox 875 2879 926 2923; x_wconf 77' lang='lat' dir='ltr'>quse</span> <span class='ocrx_word' id='word_1_180' title='bbox 941 2864 983 2911; x_wconf 92' lang='lat' dir='ltr'>Dii</span> <span class='ocrx_word' id='word_1_181' title='bbox 1002 2872 1041 2910; x_wconf 86' lang='lat' dir='ltr'>aut</span> <span class='ocrx_word' id='word_1_182' title='bbox 1059 2863 1184 2919; x_wconf 80' lang='lat' dir='ltr'>nescirent,</span> <span class='ocrx_word' id='word_1_183' title='bbox 1202 2871 1244 2911; x_wconf 77' lang='lat' dir='ltr'>sut</span> 
     </span>
     <span class='ocr_line' id='line_1_26' title="bbox 143 2927 912 2989; baseline 0.001 -15"><span class='ocrx_word' id='word_1_184' title='bbox 143 2929 249 2974; x_wconf 85' lang='lat' dir='ltr'>exercuit</span> <span class='ocrx_word' id='word_1_185' title='bbox 257 2928 281 2974; x_wconf 91' lang='lat' dir='ltr'>in</span> <span class='ocrx_word' id='word_1_186' title='bbox 291 2928 348 2974; x_wconf 89' lang='lat' dir='ltr'>mari</span> <span class='ocrx_word' id='word_1_187' title='bbox 359 2928 447 2981; x_wconf 86' lang='lat' dir='ltr'>Siculo,</span> <span class='ocrx_word' id='word_1_188' title='bbox 462 2934 486 2972; x_wconf 87' lang='lat' dir='ltr'>et</span> <span class='ocrx_word' id='word_1_189' title='bbox 497 2943 549 2972; x_wconf 90' lang='lat' dir='ltr'>cnm</span> <span class='ocrx_word' id='word_1_190' title='bbox 564 2927 679 2973; x_wconf 87' lang='lat' dir='ltr'>dedecore</span> <span class='ocrx_word' id='word_1_191' title='bbox 704 2927 806 2989; x_wconf 72' lang='lat' dir='ltr'>praesciri</span> <span class='ocrx_word' id='word_1_192' title='bbox 816 2927 912 2975; x_wconf 87' lang='lat' dir='ltr'>nollent.</span> 
     </span>
     <span class='ocr_line' id='line_1_27' title="bbox 142 2990 1242 3054; baseline 0.002 -15"><span class='ocrx_word' id='word_1_193' title='bbox 142 2992 249 3039; x_wconf 82' lang='lat' dir='ltr'>traduxit</span> <span class='ocrx_word' id='word_1_194' title='bbox 262 2993 335 3052; x_wconf 86' lang='lat' dir='ltr'>patris</span> <span class='ocrx_word' id='word_1_195' title='bbox 354 2993 383 3037; x_wconf 89' lang='lat' dir='ltr'>de</span> <span class='ocrx_word' id='word_1_196' title='bbox 400 2992 481 3052; x_wconf 89' lang='lat' dir='ltr'>piratis</span> <span class='ocrx_word' id='word_1_197' title='bbox 497 2991 625 3052; x_wconf 76' lang='lat' dir='ltr'>profligatis</span> <span class='ocrx_word' id='word_1_198' title='bbox 639 2992 680 3038; x_wconf 89' lang='lat' dir='ltr'>tri·</span> <span class='ocrx_word' id='word_1_199' title='bbox 708 3019 711 3023; x_wconf 96' lang='lat'>-</span> <span class='ocrx_word' id='word_1_200' title='bbox 736 2994 792 3039; x_wconf 75' lang='lat'><strong>432.</strong></span> <span class='ocrx_word' id='word_1_201' title='bbox 811 2990 931 3053; x_wconf 60' lang='lat' dir='ltr'>bruera]</span> <span class='ocrx_word' id='word_1_202' title='bbox 948 2992 986 3038; x_wconf 89' lang='lat' dir='ltr'>Ita</span> <span class='ocrx_word' id='word_1_203' title='bbox 996 2990 1105 3054; x_wconf 88' lang='lat' dir='ltr'>rescripsi</span> <span class='ocrx_word' id='word_1_204' title='bbox 1114 3007 1159 3052; x_wconf 94' lang='lat' dir='ltr'>pro</span> <span class='ocrx_word' id='word_1_205' title='bbox 1167 2990 1242 3041; x_wconf 72' lang='lat' dir='ltr'>Noae·</span> 
     </span>
     <span class='ocr_line' id='line_1_28' title="bbox 142 3056 1243 3118; baseline -0.001 -14"><span class='ocrx_word' id='word_1_206' title='bbox 142 3057 248 3118; x_wconf 82' lang='lat' dir='ltr'>amphos.</span> <span class='ocrx_word' id='word_1_207' title='bbox 703 3064 748 3103; x_wconf 85' lang='lat' dir='ltr'>rot.</span> <span class='ocrx_word' id='word_1_208' title='bbox 765 3057 818 3102; x_wconf 89' lang='lat' dir='ltr'>Non</span> <span class='ocrx_word' id='word_1_209' title='bbox 827 3057 887 3102; x_wconf 88' lang='lat' dir='ltr'>enirn</span> <span class='ocrx_word' id='word_1_210' title='bbox 904 3056 955 3103; x_wconf 87' lang='lat' dir='ltr'>vult</span> <span class='ocrx_word' id='word_1_211' title='bbox 971 3057 1044 3103; x_wconf 85' lang='lat' dir='ltr'>Sexto</span> <span class='ocrx_word' id='word_1_212' title='bbox 1058 3057 1163 3117; x_wconf 76' lang='lat' dir='ltr'>cognitas</span> <span class='ocrx_word' id='word_1_213' title='bbox 1179 3063 1243 3107; x_wconf 78' lang='lat' dir='ltr'>miss</span> 
     </span>
     <span class='ocr_line' id='line_1_29' title="bbox 175 3118 1243 3183; baseline 0.002 -15"><span class='ocrx_word' id='word_1_214' title='bbox 175 3124 233 3168; x_wconf 69' lang='lat'>424.</span> <span class='ocrx_word' id='word_1_215' title='bbox 253 3118 398 3181; x_wconf 77' lang='lat' dir='ltr'>Venturisqsse</span> <span class='ocrx_word' id='word_1_216' title='bbox 406 3121 505 3166; x_wconf 79' lang='lat' dir='ltr'>erunibus</span> <span class='ocrx_word' id='word_1_217' title='bbox 514 3119 592 3183; x_wconf 71' lang='lat' dir='ltr'>agen]</span> <span class='ocrx_word' id='word_1_218' title='bbox 603 3121 680 3167; x_wconf 87' lang='lat' dir='ltr'>Pusil·</span> <span class='ocrx_word' id='word_1_219' title='bbox 704 3123 818 3181; x_wconf 79' lang='lat' dir='ltr'>magicas:</span> <span class='ocrx_word' id='word_1_220' title='bbox 836 3123 878 3168; x_wconf 83' lang='lat' dir='ltr'>sed</span> <span class='ocrx_word' id='word_1_221' title='bbox 897 3121 1033 3181; x_wconf 82' lang='lat' dir='ltr'>implorasse</span> <span class='ocrx_word' id='word_1_222' title='bbox 1042 3120 1108 3168; x_wconf 90' lang='lat' dir='ltr'>illurn</span> <span class='ocrx_word' id='word_1_223' title='bbox 1123 3123 1160 3168; x_wconf 70' lang='lat' dir='ltr'>adn</span> <span class='ocrx_word' id='word_1_224' title='bbox 1175 3134 1243 3170; x_wconf 66' lang='lat' dir='ltr'>usu·</span> 
     </span>
     <span class='ocr_line' id='line_1_30' title="bbox 144 3183 1244 3249; baseline 0.003 -17"><span class='ocrx_word' id='word_1_225' title='bbox 144 3186 234 3233; x_wconf 81' lang='lat' dir='ltr'>animus</span> <span class='ocrx_word' id='word_1_226' title='bbox 245 3186 275 3233; x_wconf 89' lang='lat' dir='ltr'>ad</span> <span class='ocrx_word' id='word_1_227' title='bbox 289 3187 372 3232; x_wconf 83' lang='lat' dir='ltr'>bonam</span> <span class='ocrx_word' id='word_1_228' title='bbox 388 3186 517 3232; x_wconf 84' lang='lat' dir='ltr'>futurorum</span> <span class='ocrx_word' id='word_1_229' title='bbox 532 3200 597 3245; x_wconf 84' lang='lat' dir='ltr'>spem</span> <span class='ocrx_word' id='word_1_230' title='bbox 615 3201 680 3249; x_wconf 71' lang='lat' dir='ltr'>eger,</span> <span class='ocrx_word' id='word_1_231' title='bbox 703 3183 811 3244; x_wconf 71' lang='grc' dir='ltr'><strong><em>μαντείαν,</em></strong></span> <span class='ocrx_word' id='word_1_232' title='bbox 829 3191 855 3231; x_wconf 89' lang='lat' dir='ltr'>nt</span> <span class='ocrx_word' id='word_1_233' title='bbox 872 3187 977 3232; x_wconf 80' lang='lat' dir='ltr'>omnibns</span> <span class='ocrx_word' id='word_1_234' title='bbox 995 3185 1047 3231; x_wconf 89' lang='lat' dir='ltr'>aliis</span> <span class='ocrx_word' id='word_1_235' title='bbox 1062 3185 1244 3235; x_wconf 71' lang='lat' dir='ltr'>divinationibus</span> 
     </span>
    </p>
   </div>
   <div class='ocr_carea' id='block_1_7' title="bbox 143 3248 1346 3314">
    <p class='ocr_par' dir='ltr' id='par_1_12' title="bbox 143 3248 1346 3314">
     <span class='ocr_line' id='line_1_31' title="bbox 143 3248 1346 3314; baseline 0 -17"><span class='ocrx_word' id='word_1_236' title='bbox 143 3252 231 3312; x_wconf 73' lang='lat' dir='ltr'>solaque</span> <span class='ocrx_word' id='word_1_237' title='bbox 242 3251 333 3298; x_wconf 77' lang='lat' dir='ltr'>libidine</span> <span class='ocrx_word' id='word_1_238' title='bbox 336 3249 414 3314; x_wconf 79' lang='lat' dir='ltr'>fortis.</span> <span class='ocrx_word' id='word_1_239' title='bbox 428 3253 511 3298; x_wconf 84' lang='lat' dir='ltr'>duven.</span> <span class='ocrx_word' id='word_1_240' title='bbox 524 3250 572 3295; x_wconf 79' lang='lat' dir='ltr'>sat.</span> <span class='ocrx_word' id='word_1_241' title='bbox 586 3254 608 3298; x_wconf 88' lang='grc'><strong>4.</strong></span> <span class='ocrx_word' id='word_1_242' title='bbox 705 3251 833 3297; x_wconf 86' lang='lat' dir='ltr'>certiorem.</span> <span class='ocrx_word' id='word_1_243' title='bbox 851 3249 950 3296; x_wconf 84' lang='lat' dir='ltr'>Grotius.</span> <span class='ocrx_word' id='word_1_244' title='bbox 969 3249 1000 3296; x_wconf 85' lang='lat' dir='ltr'>Et</span> <span class='ocrx_word' id='word_1_245' title='bbox 1009 3251 1082 3297; x_wconf 72' lang='lat' dir='ltr'>mua</span> <span class='ocrx_word' id='word_1_246' title='bbox 1098 3250 1168 3297; x_wconf 71' lang='lat' dir='ltr'>moria</span> <span class='ocrx_word' id='word_1_247' title='bbox 1174 3248 1243 3314; x_wconf 74' lang='lat' dir='ltr'>stro·</span> <span class='ocrx_word' id='word_1_248' title='bbox 1344 3304 1346 3309; x_wconf 33' lang='grc' dir='ltr'>Ι</span> 
     </span>
    </p>
   </div>
   <div class='ocr_carea' id='block_1_8' title="bbox 143 3313 1244 3443">
    <p class='ocr_par' dir='ltr' id='par_1_13' title="bbox 143 3313 1244 3443">
     <span class='ocr_line' id='line_1_32' title="bbox 177 3313 1244 3379; baseline -0.003 -16"><span class='ocrx_word' id='word_1_249' title='bbox 177 3318 233 3365; x_wconf 75' lang='lat'>425.</span> <span class='ocrx_word' id='word_1_250' title='bbox 252 3315 304 3362; x_wconf 85' lang='lat' dir='ltr'>Nou</span> <span class='ocrx_word' id='word_1_251' title='bbox 310 3315 407 3375; x_wconf 78' lang='lat' dir='ltr'>tripodas</span> <span class='ocrx_word' id='word_1_252' title='bbox 416 3313 477 3371; x_wconf 84' lang='lat' dir='ltr'>Deli,</span> <span class='ocrx_word' id='word_1_253' title='bbox 485 3330 528 3361; x_wconf 82' lang='lat' dir='ltr'>non</span> <span class='ocrx_word' id='word_1_254' title='bbox 538 3313 622 3376; x_wconf 75' lang='lat' dir='ltr'>Pythia</span> <span class='ocrx_word' id='word_1_255' title='bbox 629 3331 681 3362; x_wconf 86' lang='lat' dir='ltr'>cou-</span> <span class='ocrx_word' id='word_1_256' title='bbox 705 3313 781 3379; x_wconf 79' lang='lat' dir='ltr'>libna]</span> <span class='ocrx_word' id='word_1_257' title='bbox 799 3315 906 3362; x_wconf 81' lang='lat' dir='ltr'>Moverat</span> <span class='ocrx_word' id='word_1_258' title='bbox 917 3316 973 3361; x_wconf 86' lang='lat' dir='ltr'>item</span> <span class='ocrx_word' id='word_1_259' title='bbox 981 3329 1033 3360; x_wconf 85' lang='lat' dir='ltr'>aras</span> <span class='ocrx_word' id='word_1_260' title='bbox 1042 3315 1183 3372; x_wconf 81' lang='lat' dir='ltr'>umbrarum,</span> <span class='ocrx_word' id='word_1_261' title='bbox 1189 3316 1244 3365; x_wconf 59' lang='lat' dir='ltr'>bor»</span> 
     </span>
     <span class='ocr_line' id='line_1_33' title="bbox 143 3378 1244 3443; baseline -0.001 -15"><span class='ocrx_word' id='word_1_262' title='bbox 143 3381 206 3439; x_wconf 84' lang='lat' dir='ltr'>sulit,</span> <span class='ocrx_word' id='word_1_263' title='bbox 217 3381 261 3429; x_wconf 83' lang='lat' dir='ltr'>&amp;o</span> <span class='ocrx_word' id='word_1_264' title='bbox 272 3380 364 3443; x_wconf 80' lang='lat' dir='ltr'>Assyria</span> <span class='ocrx_word' id='word_1_265' title='bbox 372 3387 495 3436; x_wconf 84' lang='lat' dir='ltr'>scrutetur,</span> <span class='ocrx_word' id='word_1_266' title='bbox 506 3379 551 3426; x_wconf 76' lang='lat' dir='ltr'>&amp;a</span> <span class='ocrx_word' id='word_1_267' title='bbox 559 3379 597 3426; x_wconf 76' lang='lat' dir='ltr'>itte</span> <span class='ocrx_word' id='word_1_268' title='bbox 604 3395 681 3440; x_wconf 83' lang='lat' dir='ltr'>super-</span> <span class='ocrx_word' id='word_1_269' title='bbox 704 3393 780 3425; x_wconf 86' lang='lat' dir='ltr'>rorem</span> <span class='ocrx_word' id='word_1_270' title='bbox 791 3379 899 3426; x_wconf 83' lang='lat' dir='ltr'>facientes</span> <span class='ocrx_word' id='word_1_271' title='bbox 917 3378 1067 3426; x_wconf 85' lang='lat' dir='ltr'>infernalibus</span> <span class='ocrx_word' id='word_1_272' title='bbox 1084 3378 1134 3424; x_wconf 87' lang='lat' dir='ltr'>suis</span> <span class='ocrx_word' id='word_1_273' title='bbox 1148 3385 1174 3425; x_wconf 84' lang='lat' dir='ltr'>et</span> <span class='ocrx_word' id='word_1_274' title='bbox 1183 3379 1244 3433; x_wconf 79' lang='lat' dir='ltr'>diris</span> 
     </span>
    </p>
   </div>
   <div class='ocr_carea' id='block_1_9' title="bbox 74 3442 1245 3507">
    <p class='ocr_par' dir='ltr' id='par_1_14' title="bbox 74 3442 1245 3507">
     <span class='ocr_line' id='line_1_34' title="bbox 74 3442 1245 3507; baseline -0.004 -13"><span class='ocrx_word' id='word_1_275' title='bbox 74 3492 79 3502; x_wconf 75' lang='grc'><strong>,</strong></span> <span class='ocrx_word' id='word_1_276' title='bbox 144 3448 188 3503; x_wconf 80' lang='lat' dir='ltr'>uis,</span> <span class='ocrx_word' id='word_1_277' title='bbox 205 3445 261 3507; x_wconf 61' lang='grc' dir='ltr'>δια]</span> <span class='ocrx_word' id='word_1_278' title='bbox 288 3448 370 3506; x_wconf 89' lang='lat' dir='ltr'>Neque</span> <span class='ocrx_word' id='word_1_279' title='bbox 389 3452 465 3490; x_wconf 84' lang='lat' dir='ltr'>tamen</span> <span class='ocrx_word' id='word_1_280' title='bbox 478 3443 576 3490; x_wconf 89' lang='lat' dir='ltr'>consulit</span> <span class='ocrx_word' id='word_1_281' title='bbox 591 3444 681 3491; x_wconf 87' lang='lat' dir='ltr'>divina·</span> <span class='ocrx_word' id='word_1_282' title='bbox 706 3445 785 3499; x_wconf 83' lang='lat' dir='ltr'>sacris,</span> <span class='ocrx_word' id='word_1_283' title='bbox 796 3444 879 3504; x_wconf 87' lang='lat' dir='ltr'>quibus</span> <span class='ocrx_word' id='word_1_284' title='bbox 890 3444 975 3491; x_wconf 90' lang='lat' dir='ltr'>mortni</span> <span class='ocrx_word' id='word_1_285' title='bbox 986 3450 1120 3490; x_wconf 86' lang='lat' dir='ltr'>evocentur.</span> <span class='ocrx_word' id='word_1_286' title='bbox 1136 3444 1168 3489; x_wconf 87' lang='lat' dir='ltr'>Et</span> <span class='ocrx_word' id='word_1_287' title='bbox 1170 3442 1245 3507; x_wconf 66' lang='lat' dir='ltr'>fidus</span> 
     </span>
    </p>
   </div>
   <div class='ocr_carea' id='block_1_10' title="bbox 144 3507 1289 4420">
    <p class='ocr_par' dir='ltr' id='par_1_15' title="bbox 144 3507 1251 3892">
     <span class='ocr_line' id='line_1_35' title="bbox 144 3507 1246 3572; baseline -0.001 -15"><span class='ocrx_word' id='word_1_288' title='bbox 144 3511 235 3558; x_wconf 89' lang='lat' dir='ltr'>tionum</span> <span class='ocrx_word' id='word_1_289' title='bbox 249 3511 380 3556; x_wconf 85' lang='lat' dir='ltr'>honestiora</span> <span class='ocrx_word' id='word_1_290' title='bbox 397 3523 488 3570; x_wconf 78' lang='lat' dir='ltr'>genera,</span> <span class='ocrx_word' id='word_1_291' title='bbox 504 3525 548 3555; x_wconf 89' lang='lat' dir='ltr'>non</span> <span class='ocrx_word' id='word_1_292' title='bbox 566 3509 681 3568; x_wconf 83' lang='lat' dir='ltr'>Apollinis</span> <span class='ocrx_word' id='word_1_293' title='bbox 706 3507 775 3554; x_wconf 88' lang='lat' dir='ltr'>etiarn</span> <span class='ocrx_word' id='word_1_294' title='bbox 794 3507 863 3564; x_wconf 86' lang='lat' dir='ltr'>Ditis,</span> <span class='ocrx_word' id='word_1_295' title='bbox 879 3509 903 3554; x_wconf 92' lang='lat' dir='ltr'>id</span> <span class='ocrx_word' id='word_1_296' title='bbox 922 3515 965 3564; x_wconf 89' lang='lat' dir='ltr'>est,</span> <span class='ocrx_word' id='word_1_297' title='bbox 987 3507 1102 3555; x_wconf 70' lang='lat' dir='ltr'>lllntonis.</span> <span class='ocrx_word' id='word_1_298' title='bbox 1119 3507 1246 3572; x_wconf 53' lang='grc' dir='ltr'><strong>Μίκων</strong></span> 
     </span>
     <span class='ocr_line' id='line_1_36' title="bbox 144 3573 1245 3636; baseline -0.003 -14"><span class='ocrx_word' id='word_1_299' title='bbox 144 3575 264 3622; x_wconf 86' lang='lat' dir='ltr'>oraculum</span> <span class='ocrx_word' id='word_1_300' title='bbox 274 3575 297 3620; x_wconf 95' lang='lat' dir='ltr'>in</span> <span class='ocrx_word' id='word_1_301' title='bbox 309 3576 370 3621; x_wconf 86' lang='lat' dir='ltr'>Delo</span> <span class='ocrx_word' id='word_1_302' title='bbox 381 3573 424 3620; x_wconf 89' lang='lat' dir='ltr'>ins.</span> <span class='ocrx_word' id='word_1_303' title='bbox 438 3575 475 3620; x_wconf 89' lang='lat' dir='ltr'>De</span> <span class='ocrx_word' id='word_1_304' title='bbox 489 3574 580 3636; x_wconf 86' lang='lat' dir='ltr'>tripode</span> <span class='ocrx_word' id='word_1_305' title='bbox 593 3574 680 3619; x_wconf 87' lang='lat' dir='ltr'>dictum</span> <span class='ocrx_word' id='word_1_306' title='bbox 705 3587 839 3633; x_wconf 85' lang='lat' dir='ltr'>persuasum</span> <span class='ocrx_word' id='word_1_307' title='bbox 858 3581 917 3630; x_wconf 80' lang='lat' dir='ltr'>erat,</span> <span class='ocrx_word' id='word_1_308' title='bbox 935 3588 1031 3634; x_wconf 86' lang='lat' dir='ltr'>parvam</span> <span class='ocrx_word' id='word_1_309' title='bbox 1049 3573 1174 3625; x_wconf 79' lang='lat' dir='ltr'>admodum</span> <span class='ocrx_word' id='word_1_310' title='bbox 1191 3588 1245 3627; x_wconf 83' lang='lat' dir='ltr'>ssss</span> 
     </span>
     <span class='ocr_line' id='line_1_37' title="bbox 144 3636 1242 3697; baseline 0 -10"><span class='ocrx_word' id='word_1_311' title='bbox 144 3641 246 3687; x_wconf 86' lang='lat' dir='ltr'>advers.</span> <span class='ocrx_word' id='word_1_312' title='bbox 259 3642 298 3686; x_wconf 88' lang='lat'>81.</span> <span class='ocrx_word' id='word_1_313' title='bbox 315 3639 355 3686; x_wconf 91' lang='lat' dir='ltr'>lib.</span> <span class='ocrx_word' id='word_1_314' title='bbox 367 3646 389 3688; x_wconf 89' lang='lat'>1.</span> <span class='ocrx_word' id='word_1_315' title='bbox 402 3654 448 3684; x_wconf 88' lang='lat' dir='ltr'>non</span> <span class='ocrx_word' id='word_1_316' title='bbox 458 3639 576 3686; x_wconf 91' lang='lat' dir='ltr'>oraculum</span> <span class='ocrx_word' id='word_1_317' title='bbox 584 3638 681 3697; x_wconf 84' lang='lat' dir='ltr'>Delplti·</span> <span class='ocrx_word' id='word_1_318' title='bbox 704 3638 849 3684; x_wconf 74' lang='lat' dir='ltr'>maculosum</span> <span class='ocrx_word' id='word_1_319' title='bbox 866 3638 934 3686; x_wconf 84' lang='lat' dir='ltr'>fidem</span> <span class='ocrx_word' id='word_1_320' title='bbox 950 3637 974 3684; x_wconf 89' lang='lat' dir='ltr'>in</span> <span class='ocrx_word' id='word_1_321' title='bbox 985 3637 1090 3697; x_wconf 85' lang='lat' dir='ltr'>Superis,</span> <span class='ocrx_word' id='word_1_322' title='bbox 1107 3645 1133 3684; x_wconf 85' lang='lat' dir='ltr'>et</span> <span class='ocrx_word' id='word_1_323' title='bbox 1142 3636 1242 3697; x_wconf 76' lang='lat' dir='ltr'>proinde</span> 
     </span>
     <span class='ocr_line' id='line_1_38' title="bbox 146 3701 1243 3764; baseline -0.002 -14"><span class='ocrx_word' id='word_1_324' title='bbox 146 3720 207 3752; x_wconf 87' lang='lat' dir='ltr'>cnm.</span> <span class='ocrx_word' id='word_1_325' title='bbox 219 3705 249 3749; x_wconf 89' lang='lat' dir='ltr'>de</span> <span class='ocrx_word' id='word_1_326' title='bbox 263 3720 309 3764; x_wconf 91' lang='lat' dir='ltr'>quo</span> <span class='ocrx_word' id='word_1_327' title='bbox 320 3705 406 3750; x_wconf 87' lang='lat' dir='ltr'>dictum</span> <span class='ocrx_word' id='word_1_328' title='bbox 416 3705 431 3749; x_wconf 91' lang='lat' dir='ltr'>l.</span> <span class='ocrx_word' id='word_1_329' title='bbox 444 3705 467 3751; x_wconf 85' lang='lat'>5.</span> <span class='ocrx_word' id='word_1_330' title='bbox 482 3719 542 3750; x_wconf 89' lang='lat' dir='ltr'>vers.</span> <span class='ocrx_word' id='word_1_331' title='bbox 556 3705 595 3747; x_wconf 80' lang='grc'>71.</span> <span class='ocrx_word' id='word_1_332' title='bbox 606 3709 630 3748; x_wconf 82' lang='lat' dir='ltr'>et</span> <span class='ocrx_word' id='word_1_333' title='bbox 640 3703 680 3747; x_wconf 87' lang='lat' dir='ltr'>de·-</span> <span class='ocrx_word' id='word_1_334' title='bbox 704 3701 760 3748; x_wconf 90' lang='lat' dir='ltr'>nibil</span> <span class='ocrx_word' id='word_1_335' title='bbox 772 3703 830 3748; x_wconf 87' lang='lat' dir='ltr'>certi</span> <span class='ocrx_word' id='word_1_336' title='bbox 840 3703 870 3747; x_wconf 83' lang='lat' dir='ltr'>ab</span> <span class='ocrx_word' id='word_1_337' title='bbox 880 3703 910 3749; x_wconf 91' lang='lat' dir='ltr'>iis</span> <span class='ocrx_word' id='word_1_338' title='bbox 926 3719 950 3749; x_wconf 90' lang='lat' dir='ltr'>se</span> <span class='ocrx_word' id='word_1_339' title='bbox 961 3710 1116 3762; x_wconf 74' lang='lat' dir='ltr'>acceptorum.</span> <span class='ocrx_word' id='word_1_340' title='bbox 1135 3701 1243 3755; x_wconf 70' lang='lat' dir='ltr'>Hortaris⁴</span> 
     </span>
     <span class='ocr_line' id='line_1_39' title="bbox 144 3765 1251 3830; baseline -0.002 -13"><span class='ocrx_word' id='word_1_341' title='bbox 144 3770 298 3829; x_wconf 84' lang='lat' dir='ltr'>inceps:non</span> <span class='ocrx_word' id='word_1_342' title='bbox 306 3771 423 3815; x_wconf 87' lang='lat' dir='ltr'>oraculum</span> <span class='ocrx_word' id='word_1_343' title='bbox 431 3767 631 3815; x_wconf 83' lang='lat' dir='ltr'>Jovisacolnmba</span> <span class='ocrx_word' id='word_1_344' title='bbox 639 3782 681 3813; x_wconf 84' lang='lat' dir='ltr'>sen</span> <span class='ocrx_word' id='word_1_345' title='bbox 737 3767 793 3813; x_wconf 80' lang='grc'><strong>434.</strong></span> <span class='ocrx_word' id='word_1_346' title='bbox 811 3765 927 3823; x_wconf 80' lang='lat' dir='ltr'>Furoreu,</span> <span class='ocrx_word' id='word_1_347' title='bbox 945 3765 1002 3830; x_wconf 74' lang='lat' dir='ltr'>dra]</span> <span class='ocrx_word' id='word_1_348' title='bbox 1025 3766 1183 3828; x_wconf 70' lang='lat' dir='ltr'>Cupiditatem</span> <span class='ocrx_word' id='word_1_349' title='bbox 1199 3783 1251 3817; x_wconf 56' lang='lat' dir='ltr'>exv·</span> 
     </span>
     <span class='ocr_line' id='line_1_40' title="bbox 145 3831 905 3892; baseline -0.005 -13"><span class='ocrx_word' id='word_1_350' title='bbox 145 3833 243 3882; x_wconf 84' lang='lat' dir='ltr'>muliere</span> <span class='ocrx_word' id='word_1_351' title='bbox 252 3833 368 3879; x_wconf 89' lang='lat' dir='ltr'>redditum</span> <span class='ocrx_word' id='word_1_352' title='bbox 385 3849 398 3878; x_wconf 86' lang='lat' dir='ltr'>e</span> <span class='ocrx_word' id='word_1_353' title='bbox 413 3835 503 3892; x_wconf 67' lang='lat' dir='ltr'>‘quercu</span> <span class='ocrx_word' id='word_1_354' title='bbox 522 3833 641 3879; x_wconf 81' lang='lat' dir='ltr'>Dodonaea</span> <span class='ocrx_word' id='word_1_355' title='bbox 656 3831 680 3877; x_wconf 92' lang='lat' dir='ltr'>in</span> <span class='ocrx_word' id='word_1_356' title='bbox 705 3831 812 3891; x_wconf 89' lang='lat' dir='ltr'>plorandi</span> <span class='ocrx_word' id='word_1_357' title='bbox 821 3831 905 3876; x_wconf 87' lang='lat' dir='ltr'>futura.</span> 
     </span>
    </p>

    <p class='ocr_par' dir='ltr' id='par_1_16' title="bbox 145 3893 1243 4220">
     <span class='ocr_line' id='line_1_41' title="bbox 146 3893 1243 3960; baseline 0.001 -14"><span class='ocrx_word' id='word_1_358' title='bbox 146 3898 251 3946; x_wconf 76' lang='lat' dir='ltr'>chronio</span> <span class='ocrx_word' id='word_1_359' title='bbox 262 3897 328 3960; x_wconf 83' lang='lat' dir='ltr'>Epiri</span> <span class='ocrx_word' id='word_1_360' title='bbox 340 3913 439 3944; x_wconf 87' lang='lat' dir='ltr'>nemore.</span> <span class='ocrx_word' id='word_1_361' title='bbox 457 3897 562 3944; x_wconf 80' lang='lat' dir='ltr'>Herodot.</span> <span class='ocrx_word' id='word_1_362' title='bbox 576 3895 679 3956; x_wconf 81' lang='lat' dir='ltr'>Euterpe.</span> <span class='ocrx_word' id='word_1_363' title='bbox 737 3898 794 3945; x_wconf 82' lang='lat'>435.</span> <span class='ocrx_word' id='word_1_364' title='bbox 811 3893 861 3954; x_wconf 81' lang='lat' dir='ltr'>lpse</span> <span class='ocrx_word' id='word_1_365' title='bbox 870 3895 948 3958; x_wconf 79' lang='lat' dir='ltr'>torua]</span> <span class='ocrx_word' id='word_1_366' title='bbox 957 3895 1085 3951; x_wconf 81' lang='lat' dir='ltr'>Tbesrslia,</span> <span class='ocrx_word' id='word_1_367' title='bbox 1094 3895 1118 3941; x_wconf 88' lang='lat' dir='ltr'>in</span> <span class='ocrx_word' id='word_1_368' title='bbox 1128 3911 1175 3956; x_wconf 79' lang='lat' dir='ltr'>qus</span> <span class='ocrx_word' id='word_1_369' title='bbox 1182 3898 1243 3947; x_wconf 59' lang='lat' dir='ltr'>sauls</span> 
     </span>
     <span class='ocr_line' id='line_1_42' title="bbox 147 3957 1243 4026; baseline -0.004 -16"><span class='ocrx_word' id='word_1_370' title='bbox 147 3979 199 4026; x_wconf 85' lang='lat' dir='ltr'>qnae</span> <span class='ocrx_word' id='word_1_371' title='bbox 210 3963 276 4024; x_wconf 81' lang='lat' dir='ltr'>sylva</span> <span class='ocrx_word' id='word_1_372' title='bbox 287 3963 368 4023; x_wconf 78' lang='lat' dir='ltr'>glande</span> <span class='ocrx_word' id='word_1_373' title='bbox 379 3962 464 4008; x_wconf 91' lang='lat' dir='ltr'>nobilis</span> <span class='ocrx_word' id='word_1_374' title='bbox 477 3969 532 4016; x_wconf 86' lang='lat' dir='ltr'>erat,</span> <span class='ocrx_word' id='word_1_375' title='bbox 548 3977 593 4022; x_wconf 87' lang='lat' dir='ltr'>qua</span> <span class='ocrx_word' id='word_1_376' title='bbox 604 3976 681 4009; x_wconf 87' lang='lat' dir='ltr'>vesoe-</span> <span class='ocrx_word' id='word_1_377' title='bbox 704 3968 734 4005; x_wconf 82' lang='lat' dir='ltr'>tre</span> <span class='ocrx_word' id='word_1_378' title='bbox 745 3960 860 4008; x_wconf 86' lang='lat' dir='ltr'>veneficae.</span> <span class='ocrx_word' id='word_1_379' title='bbox 873 3957 995 4020; x_wconf 81' lang='lat' dir='ltr'>Vicinoque</span> <span class='ocrx_word' id='word_1_380' title='bbox 1005 3961 1093 4016; x_wconf 82' lang='lat' dir='ltr'>moeuio,</span> <span class='ocrx_word' id='word_1_381' title='bbox 1101 3959 1158 4022; x_wconf 76' lang='lat' dir='ltr'>dra]</span> <span class='ocrx_word' id='word_1_382' title='bbox 1170 3962 1243 4013; x_wconf 66' lang='lat' dir='ltr'>Pbsr,</span> 
     </span>
     <span class='ocr_line' id='line_1_43' title="bbox 146 4023 1243 4087; baseline -0.001 -11"><span class='ocrx_word' id='word_1_383' title='bbox 146 4031 230 4077; x_wconf 86' lang='lat' dir='ltr'>bantur</span> <span class='ocrx_word' id='word_1_384' title='bbox 241 4027 311 4087; x_wconf 90' lang='lat' dir='ltr'>primi</span> <span class='ocrx_word' id='word_1_385' title='bbox 326 4027 430 4072; x_wconf 84' lang='lat' dir='ltr'>homines</span> <span class='ocrx_word' id='word_1_386' title='bbox 446 4033 497 4073; x_wconf 85' lang='lat' dir='ltr'>ante</span> <span class='ocrx_word' id='word_1_387' title='bbox 516 4027 620 4073; x_wconf 86' lang='lat' dir='ltr'>inventas</span> <span class='ocrx_word' id='word_1_388' title='bbox 634 4026 681 4072; x_wconf 81' lang='lat' dir='ltr'>fro·</span> <span class='ocrx_word' id='word_1_389' title='bbox 705 4025 784 4071; x_wconf 82' lang='lat' dir='ltr'>salicis</span> <span class='ocrx_word' id='word_1_390' title='bbox 798 4023 886 4084; x_wconf 87' lang='lat' dir='ltr'>eampis</span> <span class='ocrx_word' id='word_1_391' title='bbox 901 4023 984 4070; x_wconf 74' lang='lat' dir='ltr'>vicinae</span> <span class='ocrx_word' id='word_1_392' title='bbox 998 4027 1069 4072; x_wconf 81' lang='lat' dir='ltr'>urbes</span> <span class='ocrx_word' id='word_1_393' title='bbox 1079 4024 1243 4075; x_wconf 72' lang='lat' dir='ltr'>theudam</span> 
     </span>
     <span class='ocr_line' id='line_1_44' title="bbox 147 4089 1241 4157; baseline -0.005 -16"><span class='ocrx_word' id='word_1_394' title='bbox 147 4109 205 4157; x_wconf 79' lang='lat' dir='ltr'>ges5</span> <span class='ocrx_word' id='word_1_395' title='bbox 220 4109 266 4139; x_wconf 92' lang='lat' dir='ltr'>non</span> <span class='ocrx_word' id='word_1_396' title='bbox 284 4091 408 4152; x_wconf 82' lang='lat' dir='ltr'>extispicia</span> <span class='ocrx_word' id='word_1_397' title='bbox 426 4107 468 4151; x_wconf 83' lang='lat' dir='ltr'>prr</span> <span class='ocrx_word' id='word_1_398' title='bbox 489 4093 557 4136; x_wconf 87' lang='lat' dir='ltr'>fibras</span> <span class='ocrx_word' id='word_1_399' title='bbox 577 4091 681 4138; x_wconf 85' lang='lat' dir='ltr'>victima-</span> <span class='ocrx_word' id='word_1_400' title='bbox 704 4089 759 4135; x_wconf 89' lang='lat' dir='ltr'>mul.</span> <span class='ocrx_word' id='word_1_401' title='bbox 772 4089 889 4137; x_wconf 83' lang='lat' dir='ltr'>veneficiis</span> <span class='ocrx_word' id='word_1_402' title='bbox 898 4096 967 4149; x_wconf 87' lang='lat' dir='ltr'>atque</span> <span class='ocrx_word' id='word_1_403' title='bbox 977 4089 1153 4143; x_wconf 73' lang='lat' dir='ltr'>incantamentis</span> <span class='ocrx_word' id='word_1_404' title='bbox 1168 4091 1241 4146; x_wconf 68' lang='lat' dir='ltr'>fano·</span> 
     </span>
     <span class='ocr_line' id='line_1_45' title="bbox 145 4155 788 4220; baseline -0.011 -13"><span class='ocrx_word' id='word_1_405' title='bbox 145 4175 213 4220; x_wconf 72' lang='lat' dir='ltr'>mm,</span> <span class='ocrx_word' id='word_1_406' title='bbox 229 4173 274 4206; x_wconf 90' lang='lat' dir='ltr'>non</span> <span class='ocrx_word' id='word_1_407' title='bbox 299 4156 401 4216; x_wconf 88' lang='lat' dir='ltr'>auspicia</span> <span class='ocrx_word' id='word_1_408' title='bbox 418 4171 460 4216; x_wconf 90' lang='lat' dir='ltr'>per</span> <span class='ocrx_word' id='word_1_409' title='bbox 479 4171 533 4203; x_wconf 86' lang='lat' dir='ltr'>sves</span> <span class='ocrx_word' id='word_1_410' title='bbox 550 4155 642 4201; x_wconf 83' lang='lat' dir='ltr'>oscines</span> <span class='ocrx_word' id='word_1_411' title='bbox 658 4162 681 4203; x_wconf 88' lang='lat' dir='ltr'>et</span> <span class='ocrx_word' id='word_1_412' title='bbox 705 4170 788 4201; x_wconf 85' lang='lat' dir='ltr'>sarum.</span> 
     </span>
    </p>

    <p class='ocr_par' dir='ltr' id='par_1_17' title="bbox 146 4212 1289 4420">
     <span class='ocr_line' id='line_1_46' title="bbox 146 4212 1289 4286; baseline -0.011 -14"><span class='ocrx_word' id='word_1_413' title='bbox 146 4232 278 4286; x_wconf 80' lang='lat' dir='ltr'>praepetes;</span> <span class='ocrx_word' id='word_1_414' title='bbox 292 4237 339 4268; x_wconf 91' lang='lat' dir='ltr'>non</span> <span class='ocrx_word' id='word_1_415' title='bbox 350 4220 444 4281; x_wconf 81' lang='lat' dir='ltr'>auguria</span> <span class='ocrx_word' id='word_1_416' title='bbox 458 4236 501 4282; x_wconf 86' lang='lat' dir='ltr'>per</span> <span class='ocrx_word' id='word_1_417' title='bbox 514 4219 622 4274; x_wconf 83' lang='lat' dir='ltr'>tonitrua,</span> <span class='ocrx_word' id='word_1_418' title='bbox 637 4220 681 4265; x_wconf 89' lang='lat' dir='ltr'>ful·</span> <span class='ocrx_word' id='word_1_419' title='bbox 705 4250 708 4254; x_wconf 92' lang='lat'><em>-</em></span> <span class='ocrx_word' id='word_1_420' title='bbox 737 4222 793 4268; x_wconf 82' lang='grc'><strong>436.</strong></span> <span class='ocrx_word' id='word_1_421' title='bbox 812 4212 1243 4280; x_wconf 69' lang='lat' dir='ltr'>Fictiquusuullc,&amp;o.]Qusrnnu.</span> <span class='ocrx_word' id='word_1_422' title='bbox 1282 4240 1289 4247; x_wconf 96' lang='lat'>-</span> 
     </span>
     <span class='ocr_line' id='line_1_47' title="bbox 147 4282 1243 4350; baseline -0.009 -13"><span class='ocrx_word' id='word_1_423' title='bbox 147 4291 217 4344; x_wconf 85' lang='lat' dir='ltr'>mina,</span> <span class='ocrx_word' id='word_1_424' title='bbox 227 4289 339 4350; x_wconf 72' lang='lat' dir='ltr'>fulgetra:</span> <span class='ocrx_word' id='word_1_425' title='bbox 356 4302 402 4332; x_wconf 88' lang='lat' dir='ltr'>non</span> <span class='ocrx_word' id='word_1_426' title='bbox 410 4284 572 4346; x_wconf 75' lang='lat' dir='ltr'>Astrologiarn,</span> <span class='ocrx_word' id='word_1_427' title='bbox 581 4299 626 4346; x_wconf 89' lang='lat' dir='ltr'>qna</span> <span class='ocrx_word' id='word_1_428' title='bbox 633 4284 680 4330; x_wconf 83' lang='lat' dir='ltr'>cla·</span> <span class='ocrx_word' id='word_1_429' title='bbox 704 4282 763 4330; x_wconf 89' lang='lat' dir='ltr'>tinrn</span> <span class='ocrx_word' id='word_1_430' title='bbox 774 4283 832 4332; x_wconf 86' lang='lat' dir='ltr'>nibil</span> <span class='ocrx_word' id='word_1_431' title='bbox 841 4290 889 4330; x_wconf 89' lang='lat' dir='ltr'>tarn</span> <span class='ocrx_word' id='word_1_432' title='bbox 901 4283 998 4331; x_wconf 85' lang='lat' dir='ltr'>licenter</span> <span class='ocrx_word' id='word_1_433' title='bbox 1008 4282 1111 4344; x_wconf 77' lang='lat' dir='ltr'>tingitur,</span> <span class='ocrx_word' id='word_1_434' title='bbox 1121 4285 1184 4344; x_wconf 77' lang='lat' dir='ltr'>quod</span> <span class='ocrx_word' id='word_1_435' title='bbox 1193 4300 1243 4343; x_wconf 68' lang='lat' dir='ltr'>uoq</span> 
     </span>
     <span class='ocr_line' id='line_1_48' title="bbox 147 4346 1239 4420; baseline -0.005 -17"><span class='ocrx_word' id='word_1_436' title='bbox 147 4361 242 4403; x_wconf 88' lang='lat' dir='ltr'>ruerunt</span> <span class='ocrx_word' id='word_1_437' title='bbox 251 4351 355 4411; x_wconf 70' lang='lat' dir='ltr'>chaldei</span> <span class='ocrx_word' id='word_1_438' title='bbox 365 4349 469 4414; x_wconf 79' lang='lat' dir='ltr'>Assyrioe</span> <span class='ocrx_word' id='word_1_439' title='bbox 480 4365 534 4412; x_wconf 85' lang='lat' dir='ltr'>pop.</span> <span class='ocrx_word' id='word_1_440' title='bbox 551 4356 592 4397; x_wconf 86' lang='lat' dir='ltr'>aut</span> <span class='ocrx_word' id='word_1_441' title='bbox 604 4349 624 4396; x_wconf 91' lang='lat' dir='ltr'>si</span> <span class='ocrx_word' id='word_1_442' title='bbox 634 4364 680 4411; x_wconf 88' lang='lat' dir='ltr'>qua</span> <span class='ocrx_word' id='word_1_443' title='bbox 704 4355 805 4420; x_wconf 81' lang='lat' dir='ltr'>superet.</span> <span class='ocrx_word' id='word_1_444' title='bbox 815 4347 897 4397; x_wconf 81' lang='lat' dir='ltr'>Simile</span> <span class='ocrx_word' id='word_1_445' title='bbox 905 4346 1112 4406; x_wconf 67' lang='lat' dir='ltr'>illudclfflffiutlt</span> <span class='ocrx_word' id='word_1_446' title='bbox 1150 4376 1156 4383; x_wconf 94' lang='lat'><em>·</em></span> <span class='ocrx_word' id='word_1_447' title='bbox 1233 4382 1239 4397; x_wconf 82' lang='grc'><strong>.</strong></span> 
     </span>
    </p>
   </div>
   <div class='ocr_carea' id='block_1_11' title="bbox 0 0 1401 4860">
    <p class='ocr_par' dir='ltr' id='par_1_18' title="bbox 0 0 1401 4860">
     <span class='ocr_line' id='line_1_49' title="bbox 0 0 1401 4860; baseline 0 0"><span class='ocrx_word' id='word_1_448' title='bbox 0 0 1401 4860; x_wconf 95' lang='lat' dir='ltr'> </span> 
     </span>
    </p>
   </div>
  </div>
 </body>
</html>
