2784 4860
141 361 207 429 ιιι
412 359 464 429 ιι.
501 354 706 425 auum
750 352 977 443 aucuns

132 536 276 614 -Tentat,
300 539 334 599 et
347 535 518 618 impositis
531 553 637 598 unum
652 533 841 597 subducem
857 531 965 597 saxia.

141 647 210 711 Sed
226 667 329 729 super
343 652 378 710 et
391 645 547 723 flammis,
570 650 606 709 et
618 663 752 727 magnae
767 644 932 726 fragmine
945 640 1060 719 molis,

141 752 187 822 Et
202 757 345 821 sudibus
364 756 503 833 crebris,
526 762 560 819 et
575 754 690 818 adusti
703 755 837 818 roboris
852 755 926 818 ictu

142 866 323 941 Percussae
341 866 466 930 cedunt
477 871 600 942 crates,
623 864 813 948 frustraque
832 865 951 930 labore

142 977 324 1043 Exhausto
339 976 452 1042 sessus
467 977 591 1058 repetit
608 976 754 1039 tentoria
768 976 879 1040 miles.
921 995 927 1011 ¹

180 1091 326 1154 ¹Summa
339 1088 404 1153 fuit
418 1087 534 1152 Graiis
549 1092 678 1153 starent
691 1093 728 1152 ut
738 1088 867 1172 moenia
880 1086 967 1152 voti.

142 1200 240 1266 Ultro
256 1202 351 1265 acies
365 1199 488 1263 infame
501 1203 642 1282 purant:
665 1199 836 1280 armisque
852 1214 1016 1261 coruscas
1089 1202 1094 1211 '

142 1314 311 1380 Nocturni
325 1318 441 1377 texere
456 1312 572 1376 faces:
596 1311 779 1393 audaxque
790 1310 952 1394 juventus

142 1425 281 1510 Erupit:
303 1443 372 1488 non
386 1424 486 1488 hasta
498 1423 593 1499 viria,
614 1442 685 1486 non
698 1422 808 1486 letifer
823 1439 937 1498 arcus,

141 1537 264 1601 Telum
280 1535 418 1599 flamma
430 1535 505 1612 fuit,
528 1535 733 1618 rapiensque
749 1533 909 1598 incendia
921 1537 1052 1598 venum-

92 1729 96 1732 ·
142 1644 215 1711 Per.
225 1645 384 1709 Romana
398 1647 475 1709 tulit
491 1646 593 1710 celeri
608 1645 795 1709 munimina
809 1663 923 1708 cursu.

141 1755 231 1836 Nec,
254 1757 410 1840 quamvis
424 1756 526 1821 uiridi
545 1756 690 1820 luctetur
710 1756 844 1833 robore,
866 1755 979 1820 lentae

141 1864 236 1949 Ignis
251 1867 323 1948 agit
335 1867 444 1930 vires:
467 1867 548 1931 teda
563 1867 624 1930 sed
639 1875 757 1949 raptus
777 1867 822 1930 ab
838 1867 931 1931 omni

142 1975 371 2061 Consequitur
385 1978 470 2059 nigri
491 1978 836 2061 spatiosavolmnina
859 1977 966 2043 sumit

142 2086 220 2152 Nec
231 2089 348 2152 solum
370 2089 495 2152 silvas:
519 2089 580 2153 sed
597 2108 684 2152 saxa
698 2089 848 2171 ingentia
861 2090 978 2167 solvit,

141 2198 188 2267 Et
201 2199 316 2264 crudae
331 2199 422 2282 putri
437 2198 605 2265 fluxerunt
619 2200 758 2283 pulvere
773 2207 904 2265 cautes.

142 2308 341 2386 Procubuit,
364 2309 541 2393 majorque
556 2310 679 2393 jacens
695 2312 854 2393 apparuit
873 2331 990 2394 agger.

186 2417 274 2504 Spes
289 2421 391 2485 victis
412 2419 542 2484 telluris
564 2420 647 2497 abit,
670 2421 867 2505 placuitque
888 2421 1058 2505 profundo

206 2587 255 2633 498
271 2586 374 2633 coruscis
464 2587 514 2637 499
531 2583 662 2634 Nocturnis.
744 2588 792 2634 505
808 2586 928 2659 tenebroso.
1010 2587 1059 2636 506
1074 2566 1183 2650 rigaltio·

142 2725 337 2785 bendoslapides,
346 2725 486 2786 quassandas
495 2725 680 2771 labefactandae
706 2723 834 2770 siliensium
855 2731 936 2771 votum
945 2723 999 2784 fuit,
1013 2723 1248 2773 renuent-sabrate

143 2805 187 2850 que
206 2805 292 2837 ιιιιιιοι.
309 2791 364 2836 vide
384 2790 514 2838 Marcellin
531 2790 573 2837 lib.
595 2792 635 2837 23
656 2795 681 2837 et
704 2788 875 2849 dejicerentur:
893 2789 980 2851 alioqui
998 2789 1079 2839 suabia
1094 2788 1258 2851 nnisoqsa

136 2855 412 2914 ·Juseptr.‘1nbellodud
705 2853 886 2902 fueratoiritas.
902 2853 1009 2902 Hostem.

175 2922 231 2967 493.
248 2919 313 2980 Sed]
338 2921 453 2966 Romarm
474 2919 546 2974 saxis,
574 2919 680 2976 sudibus,
737 2921 795 2969 490.
814 2916 1153 2983 Uttrouciesinferraporoat.]
1170 2920 1249 2981 hup-

141 2984 277 3044 facibusque
299 2987 416 3032 submotou
436 2987 465 3032 ab
484 2985 593 3046 operibus
611 2992 635 3032 et
655 2985 680 3032 in
705 2983 780 3031 tronea
791 2985 887 3040 crebrae
903 3000 1006 3031 maxrme
1017 2983 1159 3040 Albicorum
1169 2985 1247 3039 tuom,

143 3056 219 3095 castra
235 3049 374 3109 compulsos,
391 3066 446 3096 mox
464 3049 516 3109 ipsa
529 3057 680 3110 operanoctu
705 3048 954 3125 tremescentem]
966 3048 1247 3110 operiebarigmscm

138 3112 237 3160 incensa
264 3114 336 3160 refert
357 3122 443 3170 noster,
469 3116 512 3162 sed
533 3122 610 3175 poeta,
638 3117 680 3162 sed
704 3113 745 3170 tis,
761 3114 1067 3163 neadrertereatltomani.

141 3177 304 3238 Pompeianus
314 3179 581 3226 videautemcomment.
592 3183 614 3226 2.
622 3179 680 3226 belli
738 3182 794 3228 501
814 3176 894 3225 Telum
906 3179 1004 3244 flamma
1015 3177 1094 3245 fuit]
1121 3178 1171 3226 Pro
1191 3174 1246 3226 tella

142 3243 188 3291 civ.
201 3243 333 3290 Mascula
323 3259 372 3304 Jam
382 3243 525 3291 labefactatae
543 3245 615 3290 turris
625 3260 680 3305 pars
704 3245 768 3292 faces
779 3244 901 3306 gerebant

142 3309 279 3357 concidit'
272 3324 371 3355 mermes
383 3325 435 3356 oum
454 3309 533 3356 infulis
550 3323 602 3355 sese
612 3317 680 3369 porta
738 3312 795 3357 507.
813 3307 945 3357 Manantes:
963 3307 1056 3372 curam]
1080 3309 1160 3371 Opera
1177 3307 1246 3357 Ron-

141 3375 275 3435 proripiunt
296 3373 466 3429 Massilienses,
489 3373 535 3423 &a
562 3374 680 3434 supplices
704 3375 793 3430 turrim,
793 3373 906 3435 pluteos,
922 3375 968 3423 &c

142 3448 208 3486 orant
229 3446 255 3486 ut
276 3438 376 3487 Caesaris
396 3440 510 3486 adventus
533 3446 678 3499 expectetur.
738 3436 1258 3502 503.Lucretur,]1)iffieulrereorriplaret'

142 3504 282 3559 Trebonius,
299 3504 354 3565 quia
372 3504 450 3551 Caesar
467 3519 606 3564 magnopere
617 3520 680 3550 mau-
704 3511 764 3551 urat
782 3503 866 3564 Sulpit.

142 3571 240 3616 darerat
255 3585 285 3615 ne
303 3585 346 3629 per
362 3570 409 3616 vim
424 3569 535 3631 oppidum
552 3569 680 3630 expugnari
738 3571 794 3618 504.
813 3567 874 3616 Teda
890 3570 929 3616 sed
944 3577 1031 3630 raptus,
1049 3567 1109 3631 dre]
1123 3567 1248 3632 simiel}

141 3643 265 3694 pateretur,
275 3633 418 3681 induciarum
427 3635 541 3696 quoddam
553 3649 625 3696 genus
636 3634 680 3681 mi·
704 3635 792 3680 fumum
811 3640 835 3680 et
849 3635 961 3680 flammam
978 3636 1072 3690 abeunt,
1087 3648 1163 3694 neque
1181 3633 1246 3696 ligna

138 3697 420 3746 sericordiamotusfecit.
454 3698 614 3746 Massilienses
624 3714 681 3748 varo
705 3705 793 3745 tantum
815 3699 907 3759 aggeris
926 3706 950 3746 et
968 3714 1072 3760 operum,
1089 3698 1132 3745 sed
1151 3698 1249 3761 etipsa

142 3762 192 3810 sine
213 3763 259 3810 fide
279 3765 423 3812 occasionem
441 3763 529 3811 fraudis
547 3764 617 3819 nacti,
632 3763 681 3809 lan·
707 3779 764 3811 saxa
774 3764 799 3809 in
808 3764 927 3824 pulverem
938 3765 1015 3812 soluta
1026 3764 1137 3810 defluunt.
1239 3776 1242 3781 '

142 3827 625 3890 guentibusRomanisatqueociodeditis,
632 3843 681 3875 me·
739 3831 797 3877 507.
818 3828 850 3875 Et
874 3827 1065 3891 crudiatuum]
1093 3828 1159 3876 Dura
1180 3831 1246 3876 mai

139 3893 231 3942 ridiauo
242 3895 363 3954 tempore'
356 3910 433 3954 rgnem
448 3892 556 3954 operibus
573 3893 681 3948 inferunt,
707 3893 729 3940 F
729 3893 857 3955 luserunt]
875 3895 901 3941 ln
910 3902 1002 3943 tenuem
1008 3893 1129 3957 pulverem
1135 3892 1248 3956 suntdisa

141 3959 181 4020 qui
200 3960 301 4004 secundo
319 3974 445 4020 magnoque
465 3965 535 4004 vento
551 3957 681 4018 illatusag·
706 3959 795 4007 solutae.
812 3959 896 4019 Serpa.
1011 3962 1014 3967 '

143 4037 229 4088 geram,
249 4025 349 4084 pluteos,
365 4023 512 4078 testudinem,
529 4031 612 4078 turres,
634 4029 681 4069 tor·
738 4027 795 4073 508.
810 4022 1029 4088 ProcubuitJAgge
1030 4024 1178 4072 roombustia
1179 4034 1251 4089 ‚qn

142 4093 263 4148 menteque
272 4088 486 4149 prrusabsumebat
496 4104 563 4148 quam
571 4089 681 4148 quemad
706 4091 854 4137 continebant
864 4105 917 4136 eum
927 4089 1040 4146 trabibus,
1054 4089 1180 4138 diffluebat.
1234 4120 1237 4127 ·

142 4150 620 4219 mo'dmnaccidissetanirnadvertiposset.
637 4152 680 4200 Su·
738 4159 794 4206 509.
816 4152 904 4216 Viatia]
922 4155 1041 4210 Romanis,
1056 4161 1083 4201 ut
1098 4153 1151 4202 vult
1168 4158 1252 4231 m

140 4235 183 4282 per
194 4217 342 4281 etflorescit]
354 4221 468 4278 Desuper,
480 4219 582 4265 emuris.
707 4219 844 4280 Placuitque
862 4219 984 4283 musondo,
1009 4219 1068 4283 bre]
1086 4219 1131 4267 Bis
1150 4218 1251 4281 quide!

175 4287 232 4333 495
250 4282 349 4346 cretea]
367 4284 440 4330 Vinea
458 4291 483 4331 et
501 4284 594 4332 testudo
611 4282 680 4330 orati·
705 4301 782 4348 pugnu
799 4293 912 4332 certatum
930 4291 967 4332 est
983 4285 1068 4337 sardi.
1088 4282 1250 4349 iusuperim

143 4351 186 4397 bus
198 4356 274 4395 testae
704 4351 793 4402 Brutus
803 4348 971 4412 fuitsupstior
1198 4370 1209 4387 ··

165 4414 231 4464 407
247 4414 342 4465 &mmo
350 4411 413 4479 suit
421 4410 487 4477 soti]
502 4411 602 4463 Unicum
617 4414 681 4463 birs-
