2784 4860
333 326 558 398 orvrnrs
601 325 780 404 antur
823 280 1051 416 nrnirr.
1181 328 1248 411 aer
1320 318 1321 327 ‘

118 544 120 547 ·
139 507 216 575 Nee
233 504 357 591 gladiis
372 504 521 589 habuere
537 504 649 582 fidem,
665 503 732 575 nisi
748 504 883 570 cotibus
899 486 1000 590 asper
1230 576 1233 582 ,

139 618 279 684 Exarsit
294 635 423 680 mucro.
438 620 520 680 tunc
537 615 647 678 omnis
662 615 786 681 lancea
801 634 888 680 saxo
1179 613 1246 692 140

139 728 306 812 Erigitur:
331 726 472 791 tendunt
485 727 599 791 nervis
615 727 814 792 melioribus
829 745 951 812 arcus:
1249 704 1253 716 ⁴

141 840 233 905 Cura
248 839 312 902 luit
326 838 425 901 lectis
440 836 616 919 pharetras
631 836 772 921 implere
788 837 933 919 sagittis.

139 951 253 1033 Auget
267 970 372 1032 eques
388 950 557 1028 stimulos
571 949 821 1033 fraenorumque
838 952 934 1033 aptat
947 947 1109 1041 habenas.
1360 1024 1385 1047 „s

141 1063 180 1126 Si
192 1062 297 1125 liceat
312 1061 454 1142 Superis
472 1046 647 1130 hominum
663 1061 815 1126 conferre
830 1061 978 1138 labores,
1004 1126 1010 1138 4„
1098 1093 1129 1137 ,χ
1142 1059 1227 1124 egel
1244 1045 1389 1156 *assaph

143 1171 224 1236 Non
240 1172 347 1246 aliter,
364 1169 513 1253 Phlegra
526 1171 665 1236 rabidos
680 1173 818 1236 tollente
834 1171 1011 1255 Gigantes
1099 1208 1104 1222 ·
1185 1169 1251 1239 145
1280 1175 1282 1178 ⁴
1312 1173 1324 1235 t
1334 1176 1389 1277 J

142 1281 288 1346 Martius
311 1281 454 1345 incaluit
469 1280 596 1346 Siculis
613 1282 795 1346 incudibus
811 1283 924 1348 ensis:
1116 1272 1119 1274 ’
1212 1251 1326 1354 ·j't*=*“⁴'’
1343 1245 1387 1293 Μ

142 1392 186 1456 Et
200 1394 315 1463 rubuit
328 1391 474 1454 dammis
489 1391 610 1476 iterum
625 1391 802 1474 Neptunia
816 1393 948 1478 cuspis,

105 1501 108 1504 ’
143 1503 354 1586 Spiculaque
370 1506 513 1565 extenso
530 1501 638 1578 Paean
659 1501 815 1586 Pythone
830 1504 974 1580 recoxit,
1028 1574 1052 1581 .,
1087 1561 1089 1567 ,

143 1613 262 1677 Pallas
278 1612 478 1694 Gorgoneos
500 1613 634 1679 diffudit
647 1615 683 1678 in
698 1616 812 1698 aegida
826 1616 948 1694 crines,

144 1723 321 1788 Pallenaea
335 1724 357 1787 J
360 1725 417 1788 ovi
433 1726 577 1789 mutavit
590 1725 733 1791 fulmina
742 1726 911 1810 Cyclops.
994 1782 997 1789 .

144 1835 226 1900 Non
241 1842 355 1900 tamen
370 1836 533 1900 abstinuit
546 1841 706 1913 venturos
719 1838 865 1920 prodere
881 1857 983 1908 casus

145 1947 213 2012 Per
229 1949 342 2012 varias
360 1947 511 2012 Fortuna
524 1952 636 2025 notas.
652 1968 732 2026 nam
747 1947 915 2013 Thessala
928 1968 1007 2024 rura
1077 2011 1078 2015 ,
1111 2015 1113 2021 s
1194 2009 1197 2015 ,

142 2056 230 2122 Cum
244 2063 406 2141 peterent,
423 2063 515 2122 totus
531 2060 744 2123 venientibus
761 2060 892 2123 obstitit
907 2059 1029 2125 aether:

145 2168 255 2252 Inque
272 2171 382 2233 oeulis
392 2169 566 2232 hominnm
581 2170 751 2252 fregerunt
762 2170 905 2265 fulmina
919 2172 1048 2235 nubes:
1139 2238 1143 2243 ,

146 2305 196 2351 139
212 2304 246 2349 ni.
312 2306 360 2352 139
377 2304 485 2351 cautibus.
552 2302 725 2350 resalutatur.
799 2305 848 2352 143
862 2312 1024 2366 ανο1α1,ορτα1.
1098 2307 1250 2367 meropius.

179 2371 227 2416 147
237 2365 343 2416 Erubuit.
410 2371 458 2418 148
468 2370 565 2415 retorsit.
633 2373 680 2418 149
691 2369 768 2431 oegide.
836 2369 1012 2419 150Pullunea.
1053 2369 1215 2435 150fulgura.

289 2438 336 2483 151
353 2442 446 2488 nutura,
456 2442 558 2479 cartura.
692 2438 738 2482 153
754 2448 802 2480 uer.
943 2438 991 2481 154
999 2434 1109 2500 fulguru.

181 2547 236 2594 139.
255 2545 303 2594 Nee
320 2542 410 2610 gladiis,
428 2547 485 2611 hc]
507 2547 570 2608 Quin
588 2553 612 2594 et
631 2548 685 2604 tela,
712 2554 737 2594 et
756 2548 857 2609 Phlegra
876 2547 998 2608 aliqnando
1017 2549 1104 2595 dictum
1119 2549 1178 2608 suit3
1196 2547 1253 2613 Ful·

145 2617 255 2672 tanquam
271 2628 350 2674 parum
369 2620 435 2660 acuta
449 2614 473 2659 in
488 2612 574 2659 civium
590 2615 686 2670 caedem,
712 2614 772 2659 anino
783 2628 837 2673 ergo
850 2611 962 2660 Pallenen
973 2621 1041 2660 vocat
1056 2615 1136 2671 Poeta,
1152 2615 1191 2661 vel
1202 2613 1252 2674 qui·

148 2675 259 2736 subigunt
273 2679 373 2725 cotibus.
714 2680 757 2722 hus
774 2692 832 2723 mox
852 2677 945 2738 Jupiter
964 2679 1025 2738 apud
1042 2678 1152 2724 Pallenen
1172 2685 1252 2725 eontra

181 2744 238 2786 140.
258 2742 346 2790 Exarsit
365 2743 460 2806 mucra]
478 2741 606 2802 splenduit.
626 2741 687 2788 Lun-
714 2742 825 2802 Gigantes
838 2758 893 2788 usas
905 2749 948 2788 est.
968 2742 1035 2789 Hert.
1053 2742 1164 2806 Cyclopa]
1182 2743 1256 2804 Quis-

146 2821 186 2852 cea
194 2807 263 2870 saxa]
275 2808 359 2868 Cuspis
366 2809 452 2854 lanceae
460 2816 538 2854 retusa
547 2807 689 2854 acuminatur
713 2806 776 2867 piam
796 2822 809 2853 e
826 2806 938 2853 ministris
957 2807 1071 2853 Vulcani:
1097 2807 1189 2854 Brontes
1210 2817 1251 2855 aut

147 2878 202 2917 cote
212 2874 313 2918 subacta.
714 2871 814 2930 Steropes
822 2879 863 2917 rrut
870 2872 945 2918 nudus
955 2873 1050 2918 mentre
1062 2872 1193 2934 Pyracmon.

184 2938 239 2983 143.
257 2936 380 2998 Stimulos]
397 2936 506 2983 Calcaria.
749 2938 803 2982 151.
823 2934 875 2982 Non
893 2945 968 2983 tamea
989 2937 1103 2994 abstinuit,
1129 2937 1185 3000 bre]
1214 2938 1252 2984 De

183 3003 239 3047 144.
258 3001 282 3047 Si
299 3003 364 3048 licem
379 3002 477 3062 Srtperis,
495 2999 551 3065 dre]
580 2999 604 3048 St
617 3015 690 3061 parua
715 3001 829 3061 prodigiis
840 3017 891 3062 quae
904 3001 1016 3062 Pompeio
1030 3003 1119 3049 cladem
1129 3002 1251 3063 portende·

150 3065 203 3112 lieet
213 3080 337 3126 componere
348 3068 441 3129 nmgrrts.
715 3067 778 3120 bant,
796 3065 849 3112 vide
866 3081 917 3127 quae
936 3066 1010 3114 sosius
1029 3069 1129 3115 referunt
1148 3068 1209 3116 Plut.
1228 3067 1253 3114 in

184 3132 239 3179 145.
260 3129 309 3177 Nou
321 3132 396 3187 aliter,
410 3132 513 3193 Phlegra,
528 3129 586 3191 dra]
598 3129 690 3184 Ita‚uhi
716 3131 797 3190 Pomp.
810 3137 833 3177 et
851 3129 910 3177 Gna.
928 3131 993 3186 vitis,
1010 3133 1108 3192 Appian.
1119 3133 1158 3178 lib.
1176 3135 1200 3180 2.
1221 3132 1252 3179 de

152 3194 266 3256 Gigantes
278 3196 329 3241 Diis
341 3197 427 3242 bellum
438 3197 573 3242 indicebant
581 3196 604 3240 in
621 3195 690 3240 Phle-
715 3195 776 3242 bello
788 3194 833 3241 civ.
847 3196 893 3242 Dio
904 3196 946 3242 lib.
964 3200 1002 3245 31.
1019 3197 1077 3243 Caes.
1095 3205 1216 3245 comment.
1227 3199 1251 3245 3.

152 3260 222 3321 graeis
232 3261 328 3320 campis,
338 3261 443 3321 quosalii
455 3261 558 3306 initalia
570 3261 690 3306 fuisseso-
716 3260 767 3306 Val.
780 3261 845 3306 Max.
865 3261 904 3306 lib.
920 3264 942 3308 1.
963 3277 983 3308 c.
1003 3267 1026 3311 6.
1044 3262 1085 3308 Cn.
1107 3263 1181 3324 inquit
1203 3261 1252 3309 Vat

150 3324 603 3386 lunt,interCumasetNeapolim,aliiin
613 3327 691 3371 Mace·
717 3325 779 3372 Mur.
800 3325 933 3386 Pompeium
950 3327 1042 3387 Jupiter
1061 3329 1146 3388 omnip.
1163 3327 1252 3378 abunde

150 3390 295 3450 denia,quud
303 3391 379 3437 innuit
388 3398 456 3451 poeta
463 3391 486 3436 in
495 3391 691 3446 rotteatahocesr,
717 3397 842 3444 monuerat,
850 3405 878 3436 ne
889 3407 941 3437 cum
950 3391 977 3438 C.
988 3393 1079 3438 Caesare
1087 3390 1254 3439 ultimamhelh'

151 3456 269 3502 montibus
284 3455 408 3516 congestis,
426 3455 493 3502 Pelio
513 3455 691 3515 superimposita
716 3456 830 3502 fortunam
842 3456 942 3515 experiri
951 3459 1114 3504 contenderet:
1127 3458 1253 3518 Egressus
1338 3504 1341 3511 Α

152 3519 691 3583 Osaa‚&e.er·igente.Phlegra.]Phlegmeieam·
719 3520 860 3580 Dyrrhachio
881 3521 978 3568 adver-a
992 3514 1078 3582 agmini
1094 3524 1143 3582 ejus
1159 3522 1255 3579 fulmina

152 3585 178 3647 pi
189 3585 249 3630 intra
260 3587 344 3632 Cumas
352 3588 430 3645 jacent
439 3592 463 3631 et
477 3585 605 3645 Neapolim.
624 3583 690 3631 Hert.
714 3585 812 3646 jaciens,
834 3585 980 3632 examinibus
1002 3602 1070 3647 apum
1090 3587 1154 3649 signa
1170 3589 1258 3636 obses·-

187 3655 242 3700 146.
256 3649 357 3696 Martius
365 3651 458 3696 truatuit
467 3647 616 3710 Secutast]
626 3649 692 3696 Sicu·
716 3647 796 3706 rando,
813 3650 888 3696 subita
905 3650 999 3698 tristitia
1013 3651 1137 3714 implicatis
1153 3652 1255 3700 militurn

151 3715 175 3762 la
186 3714 373 3761 tornacerecoxit
380 3715 568 3777 Cyclopsltlartia
575 3715 693 3771 frameam,
717 3715 807 3769 animis,
824 3716 940 3762 nocturnis
958 3717 1029 3764 totius
1047 3719 1166 3765 exercitus
1181 3724 1255 3765 terro·
1297 3749 1313 3761 s«

153 3781 258 3840 Neptuni
270 3780 402 3835 tridentem,
420 3779 536 3840 Apollinis
552 3779 647 3839 sagittas
668 3779 692 3825 in
716 3780 789 3836 ribus,
807 3780 835 3826 ab
851 3779 909 3842 ipsis
925 3780 1034 3830 altaribus
1052 3783 1177 3830 hostiarum
1190 3783 1254 3844 fuga,

153 3839 259 3907 Pythone
272 3845 415 3890 conlieiendo
427 3846 552 3900 hebetatas,
567 3844 692 3906 anguineos
718 3843 762 3891 &a
780 3843 905 3893 dicantem
922 3846 1001 3906 proelii
1018 3855 1108 3894 constat
1118 3849 1141 3895 in
1150 3848 1257 3898 delubria

154 3911 231 3958 crines
242 3911 266 3956 in
277 3910 467 3967 capiteMedusro
479 3925 536 3970 quos
553 3909 630 3954 Pallas
642 3924 693 3970 ges·
720 3912 795 3956 Deum
816 3925 858 3955 sua
876 3919 958 3971 sponte
978 3912 1044 3974 signa
1065 3929 1184 3969 conversa,
1209 3912 1253 3961 &a

154 3978 218 4023 tabat
229 3976 252 4021 in
264 3974 348 4034 aegide,
364 3982 429 4021 sento
440 3989 483 4021 eeu
494 3974 633 4031 totiensne,
650 3974 693 4020 lul·
720 3974 836 4038 Prodere]
854 3975 988 4036 Significatu
999 3978 1069 4024 variis
1086 3978 1202 4039 portentis
1219 3979 1255 4026 su·

155 4039 694 4100 minaquibusmoxlupiterusumseratcont'ra
718 4047 775 4086 turm
786 4055 868 4101 pugnae
880 4049 994 4088 eventum.
1012 4041 1115 4091 Hor-tera.

155 4107 269 4165 Gigantes
281 4105 342 4163 apud
356 4105 466 4150 Pallenen
477 4119 531 4164 opp.
542 4104 694 4159 Macedoniae,
752 4107 807 4152 153.
826 4104 914 4152 Obstitit
931 4107 1019 4172 athen]
1036 4109 1181 4165 Temnites
1200 4122 1255 4168 proq

155 4185 223 4232 quam
235 4177 259 4216 et
268 4171 391 4230 Phlegram
402 4169 457 4214 olim
468 4169 553 4215 dictam
562 4169 693 4228 Stephanus
718 4170 833 4216 cederent.

155 4253 185 4296 ex
191 4234 300 4280 Eudoxio
306 4233 693 4299 traditetllustathiusinoatalogo.
752 4237 807 4283 154.
825 4233 1063 4300 Fregeruntfutminu
1072 4237 1159 4301 auhm]
1172 4237 1256 4285 Nubes

190 4303 246 4347 150.
264 4299 385 4356 Pallenaea,
402 4297 458 4363 dte]
475 4298 570 4346 Pallene
586 4298 695 4346 animast
718 4299 873 4362 refringebant
889 4301 983 4351 fulmina
993 4301 1019 4350 in
1035 4302 1118 4352 taciem
1135 4308 1160 4350 et
1176 4300 1257 4350 oculos

156 4364 271 4430 oppidum
282 4363 426 4413 Macedonia
443 4379 484 4416 sen
502 4363 615 4421 Thraciae,
631 4365 693 4424 qnod
718 4365 835 4415 adversos.
