<?xml version="1.0" encoding="UTF-8"?>
<!DOCTYPE html PUBLIC "-//W3C//DTD XHTML 1.0 Transitional//EN"
    "http://www.w3.org/TR/xhtml1/DTD/xhtml1-transitional.dtd">
<html xmlns="http://www.w3.org/1999/xhtml" xml:lang="en" lang="en">
 <head>
  <title>
</title>
<meta http-equiv="Content-Type" content="text/html;charset=utf-8" />
  <meta name='ocr-system' content='tesseract 3.04.00' />
  <meta name='ocr-capabilities' content='ocr_page ocr_carea ocr_par ocr_line ocrx_word'/>
</head>
<body>
  <div class='ocr_page' id='page_1' title='image "./mannaeuslucanus00grotgoog/mannaeuslucanus00grotgoog_0157.png"; bbox 0 0 2784 4860; ppageno 0'>
   <div class='ocr_carea' id='block_1_1' title="bbox 143 308 1133 412">
    <p class='ocr_par' dir='ltr' id='par_1_1' title="bbox 143 308 1133 412">
     <span class='ocr_line' id='line_1_1' title="bbox 143 308 1133 412; baseline -0.008 1"><span class='ocrx_word' id='word_1_1' title='bbox 143 322 232 412; x_wconf 66' lang='lat'>1³62</span> <span class='ocrx_word' id='word_1_2' title='bbox 419 333 1001 409; x_wconf 77' lang='lat' dir='ltr'>u.-annm1uueau1··</span> <span class='ocrx_word' id='word_1_3' title='bbox 1129 308 1133 313; x_wconf 79' lang='grc'><strong>’</strong></span> 
     </span>
    </p>
   </div>
   <div class='ocr_carea' id='block_1_2' title="bbox 144 506 982 596">
    <p class='ocr_par' dir='ltr' id='par_1_2' title="bbox 144 506 982 596">
     <span class='ocr_line' id='line_1_2' title="bbox 144 506 982 596; baseline 0.002 -21"><span class='ocrx_word' id='word_1_4' title='bbox 144 508 316 577; x_wconf 84' lang='lat' dir='ltr'>Incumbit</span> <span class='ocrx_word' id='word_1_5' title='bbox 331 530 440 594; x_wconf 92' lang='lat' dir='ltr'>prono</span> <span class='ocrx_word' id='word_1_6' title='bbox 456 513 565 589; x_wconf 89' lang='lat' dir='ltr'>lateri,</span> <span class='ocrx_word' id='word_1_7' title='bbox 578 532 793 596; x_wconf 78' lang='lat' dir='ltr'><strong>vacuamque</strong></span> <span class='ocrx_word' id='word_1_8' title='bbox 809 506 982 596; x_wconf 76' lang='lat' dir='ltr'>relinquit,</span> 
     </span>
    </p>
   </div>
   <div class='ocr_carea' id='block_1_3' title="bbox 139 626 1259 2714">
    <p class='ocr_par' dir='ltr' id='par_1_3' title="bbox 143 626 1109 713">
     <span class='ocr_line' id='line_1_3' title="bbox 143 626 1109 713; baseline 0 -20"><span class='ocrx_word' id='word_1_9' title='bbox 143 626 224 707; x_wconf 85' lang='lat' dir='ltr'>Qua</span> <span class='ocrx_word' id='word_1_10' title='bbox 238 634 332 693; x_wconf 84' lang='lat' dir='ltr'>caret</span> <span class='ocrx_word' id='word_1_11' title='bbox 345 628 455 707; x_wconf 90' lang='lat' dir='ltr'>hoste,</span> <span class='ocrx_word' id='word_1_12' title='bbox 470 635 599 694; x_wconf 87' lang='lat' dir='ltr'>ratem:</span> <span class='ocrx_word' id='word_1_13' title='bbox 623 634 788 711; x_wconf 88' lang='lat' dir='ltr'>congesto</span> <span class='ocrx_word' id='word_1_14' title='bbox 803 628 956 712; x_wconf 90' lang='lat' dir='ltr'>pondere</span> <span class='ocrx_word' id='word_1_15' title='bbox 977 626 1109 713; x_wconf 81' lang='lat' dir='ltr'>puppis</span> 
     </span>
    </p>

    <p class='ocr_par' dir='ltr' id='par_1_4' title="bbox 141 735 1259 934">
     <span class='ocr_line' id='line_1_4' title="bbox 141 735 1259 822; baseline -0.001 -18"><span class='ocrx_word' id='word_1_16' title='bbox 141 738 265 817; x_wconf 89' lang='lat' dir='ltr'>Versa,</span> <span class='ocrx_word' id='word_1_17' title='bbox 281 759 369 804; x_wconf 90' lang='lat' dir='ltr'>cava</span> <span class='ocrx_word' id='word_1_18' title='bbox 384 741 470 805; x_wconf 83' lang='lat' dir='ltr'>texit</span> <span class='ocrx_word' id='word_1_19' title='bbox 483 740 638 822; x_wconf 83' lang='lat' dir='ltr'>pelagus,</span> <span class='ocrx_word' id='word_1_20' title='bbox 658 744 850 822; x_wconf 79' lang='lat' dir='ltr'><strong>nautasque</strong></span> <span class='ocrx_word' id='word_1_21' title='bbox 864 738 1003 803; x_wconf 82' lang='lat' dir='ltr'>carina:</span> <span class='ocrx_word' id='word_1_22' title='bbox 1179 735 1259 811; x_wconf 69' lang='grc'><strong>666,</strong></span> 
     </span>
     <span class='ocr_line' id='line_1_5' title="bbox 141 849 945 934; baseline -0.002 -20"><span class='ocrx_word' id='word_1_23' title='bbox 141 849 291 914; x_wconf 83' lang='lat' dir='ltr'>Brachia</span> <span class='ocrx_word' id='word_1_24' title='bbox 304 871 368 915; x_wconf 89' lang='lat' dir='ltr'>nec</span> <span class='ocrx_word' id='word_1_25' title='bbox 384 851 482 915; x_wconf 91' lang='lat' dir='ltr'>licuit</span> <span class='ocrx_word' id='word_1_26' title='bbox 500 856 599 914; x_wconf 86' lang='lat' dir='ltr'>vasto</span> <span class='ocrx_word' id='word_1_27' title='bbox 612 850 745 934; x_wconf 88' lang='lat' dir='ltr'>jactare</span> <span class='ocrx_word' id='word_1_28' title='bbox 762 849 945 932; x_wconf 83' lang='lat' dir='ltr'>profrmdb,</span> 
     </span>
    </p>

    <p class='ocr_par' dir='ltr' id='par_1_5' title="bbox 142 959 953 1044">
     <span class='ocr_line' id='line_1_6' title="bbox 142 959 953 1044; baseline -0.002 -19"><span class='ocrx_word' id='word_1_29' title='bbox 142 960 212 1027; x_wconf 80' lang='lat' dir='ltr'>Sed</span> <span class='ocrx_word' id='word_1_30' title='bbox 227 961 346 1025; x_wconf 91' lang='lat' dir='ltr'>clauso</span> <span class='ocrx_word' id='word_1_31' title='bbox 363 961 494 1044; x_wconf 91' lang='lat' dir='ltr'>periere</span> <span class='ocrx_word' id='word_1_32' title='bbox 513 961 610 1025; x_wconf 88' lang='lat' dir='ltr'>mari.</span> <span class='ocrx_word' id='word_1_33' title='bbox 656 960 753 1024; x_wconf 87' lang='lat' dir='ltr'>Trmc</span> <span class='ocrx_word' id='word_1_34' title='bbox 769 961 873 1024; x_wconf 87' lang='lat' dir='ltr'>unica</span> <span class='ocrx_word' id='word_1_35' title='bbox 889 959 953 1023; x_wconf 90' lang='lat' dir='ltr'>diri</span> 
     </span>
    </p>

    <p class='ocr_par' dir='ltr' id='par_1_6' title="bbox 150 1070 1025 1154">
     <span class='ocr_line' id='line_1_7' title="bbox 150 1070 1025 1154; baseline 0.001 -19"><span class='ocrx_word' id='word_1_36' title='bbox 150 1070 350 1154; x_wconf 86' lang='lat' dir='ltr'>Conspecta</span> <span class='ocrx_word' id='word_1_37' title='bbox 364 1076 417 1137; x_wconf 87' lang='lat' dir='ltr'>est</span> <span class='ocrx_word' id='word_1_38' title='bbox 434 1072 493 1136; x_wconf 92' lang='lat' dir='ltr'>leti</span> <span class='ocrx_word' id='word_1_39' title='bbox 505 1070 625 1148; x_wconf 85' lang='lat' dir='ltr'>facies,</span> <span class='ocrx_word' id='word_1_40' title='bbox 649 1090 728 1134; x_wconf 91' lang='lat' dir='ltr'>cum</span> <span class='ocrx_word' id='word_1_41' title='bbox 749 1071 836 1135; x_wconf 85' lang='lat' dir='ltr'>forte</span> <span class='ocrx_word' id='word_1_42' title='bbox 851 1074 1025 1136; x_wconf 84' lang='lat' dir='ltr'>natantem</span> 
     </span>
    </p>

    <p class='ocr_par' dir='ltr' id='par_1_7' title="bbox 144 1181 889 1266">
     <span class='ocr_line' id='line_1_8' title="bbox 144 1181 889 1266; baseline -0.001 -19"><span class='ocrx_word' id='word_1_43' title='bbox 144 1182 302 1247; x_wconf 82' lang='lat' dir='ltr'>Diversae</span> <span class='ocrx_word' id='word_1_44' title='bbox 318 1184 437 1247; x_wconf 90' lang='lat' dir='ltr'>rostris</span> <span class='ocrx_word' id='word_1_45' title='bbox 448 1182 611 1266; x_wconf 88' lang='lat' dir='ltr'>juvenem</span> <span class='ocrx_word' id='word_1_46' title='bbox 629 1181 734 1246; x_wconf 84' lang='lat' dir='ltr'>fixere</span> <span class='ocrx_word' id='word_1_47' title='bbox 751 1183 889 1246; x_wconf 85' lang='lat' dir='ltr'>carinae.</span> 
     </span>
    </p>

    <p class='ocr_par' dir='ltr' id='par_1_8' title="bbox 140 1291 1256 1487">
     <span class='ocr_line' id='line_1_9' title="bbox 141 1291 1256 1376; baseline 0.003 -18"><span class='ocrx_word' id='word_1_48' title='bbox 141 1293 314 1358; x_wconf 89' lang='lat' dir='ltr'>Discessit</span> <span class='ocrx_word' id='word_1_49' title='bbox 327 1293 477 1356; x_wconf 91' lang='lat' dir='ltr'>medium</span> <span class='ocrx_word' id='word_1_50' title='bbox 497 1297 567 1356; x_wconf 90' lang='lat' dir='ltr'>tam</span> <span class='ocrx_word' id='word_1_51' title='bbox 581 1297 701 1356; x_wconf 84' lang='lat' dir='ltr'>vastos</span> <span class='ocrx_word' id='word_1_52' title='bbox 716 1299 838 1376; x_wconf 90' lang='lat' dir='ltr'>pectus</span> <span class='ocrx_word' id='word_1_53' title='bbox 855 1294 900 1357; x_wconf 93' lang='lat' dir='ltr'>ad</span> <span class='ocrx_word' id='word_1_54' title='bbox 915 1293 1005 1359; x_wconf 86' lang='lat' dir='ltr'>ictus</span> <span class='ocrx_word' id='word_1_55' title='bbox 1014 1302 1028 1358; x_wconf 69' lang='grc' dir='ltr'>τ’</span> <span class='ocrx_word' id='word_1_56' title='bbox 1185 1291 1256 1361; x_wconf 65' lang='lat'>65³</span> 
     </span>
     <span class='ocr_line' id='line_1_10' title="bbox 140 1403 992 1487; baseline 0 -19"><span class='ocrx_word' id='word_1_57' title='bbox 140 1403 217 1469; x_wconf 91' lang='lat' dir='ltr'>Nec</span> <span class='ocrx_word' id='word_1_58' title='bbox 232 1404 411 1487; x_wconf 90' lang='lat' dir='ltr'>prohibere</span> <span class='ocrx_word' id='word_1_59' title='bbox 426 1404 543 1468; x_wconf 87' lang='lat' dir='ltr'>valent</span> <span class='ocrx_word' id='word_1_60' title='bbox 565 1404 699 1467; x_wconf 87' lang='lat' dir='ltr'>obtritis</span> <span class='ocrx_word' id='word_1_61' title='bbox 723 1405 860 1469; x_wconf 91' lang='lat' dir='ltr'>ossibus</span> <span class='ocrx_word' id='word_1_62' title='bbox 883 1410 992 1482; x_wconf 54' lang='lat' dir='ltr'>artusp</span> 
     </span>
    </p>

    <p class='ocr_par' dir='ltr' id='par_1_9' title="bbox 141 1514 990 1598">
     <span class='ocr_line' id='line_1_11' title="bbox 141 1514 990 1598; baseline -0.002 -18"><span class='ocrx_word' id='word_1_63' title='bbox 141 1514 221 1594; x_wconf 82' lang='lat' dir='ltr'>Quo</span> <span class='ocrx_word' id='word_1_64' title='bbox 236 1515 350 1578; x_wconf 88' lang='lat' dir='ltr'>minus</span> <span class='ocrx_word' id='word_1_65' title='bbox 366 1534 435 1578; x_wconf 87' lang='lat' dir='ltr'>aera</span> <span class='ocrx_word' id='word_1_66' title='bbox 450 1519 583 1592; x_wconf 88' lang='lat' dir='ltr'>sonent,</span> <span class='ocrx_word' id='word_1_67' title='bbox 600 1515 686 1578; x_wconf 89' lang='lat' dir='ltr'>eliso</span> <span class='ocrx_word' id='word_1_68' title='bbox 705 1520 834 1590; x_wconf 83' lang='lat' dir='ltr'>ventre,</span> <span class='ocrx_word' id='word_1_69' title='bbox 850 1535 913 1598; x_wconf 91' lang='lat' dir='ltr'>per</span> <span class='ocrx_word' id='word_1_70' title='bbox 927 1534 990 1579; x_wconf 91' lang='lat' dir='ltr'>ora</span> 
     </span>
    </p>

    <p class='ocr_par' dir='ltr' id='par_1_10' title="bbox 139 1608 1259 2156">
     <span class='ocr_line' id='line_1_12' title="bbox 140 1608 1250 1710; baseline -0.001 -19"><span class='ocrx_word' id='word_1_71' title='bbox 140 1625 278 1710; x_wconf 89' lang='lat' dir='ltr'>Ejeetat</span> <span class='ocrx_word' id='word_1_72' title='bbox 294 1608 424 1689; x_wconf 87' lang='lat' dir='ltr'>saniem</span> <span class='ocrx_word' id='word_1_73' title='bbox 443 1627 626 1709; x_wconf 89' lang='lat' dir='ltr'>permistus</span> <span class='ocrx_word' id='word_1_74' title='bbox 641 1626 777 1689; x_wconf 87' lang='lat' dir='ltr'>viscera</span> <span class='ocrx_word' id='word_1_75' title='bbox 792 1627 944 1708; x_wconf 86' lang='lat' dir='ltr'>sanguis.</span> <span class='ocrx_word' id='word_1_76' title='bbox 1246 1694 1250 1700; x_wconf 62' lang='grc'><em>,</em></span> 
     </span>
     <span class='ocr_line' id='line_1_13' title="bbox 140 1735 1249 1822; baseline -0.001 -20"><span class='ocrx_word' id='word_1_77' title='bbox 140 1736 332 1822; x_wconf 87' lang='lat' dir='ltr'>Postquam</span> <span class='ocrx_word' id='word_1_78' title='bbox 347 1737 500 1801; x_wconf 86' lang='lat' dir='ltr'>inhibent</span> <span class='ocrx_word' id='word_1_79' title='bbox 514 1738 616 1800; x_wconf 90' lang='lat' dir='ltr'>remis</span> <span class='ocrx_word' id='word_1_80' title='bbox 632 1756 779 1820; x_wconf 77' lang='lat' dir='ltr'>puppeS,</span> <span class='ocrx_word' id='word_1_81' title='bbox 797 1756 839 1800; x_wconf 88' lang='lat' dir='ltr'>ac</span> <span class='ocrx_word' id='word_1_82' title='bbox 860 1741 972 1801; x_wconf 91' lang='lat' dir='ltr'>rostra</span> <span class='ocrx_word' id='word_1_83' title='bbox 985 1735 1163 1816; x_wconf 81' lang='lat' dir='ltr'>recedunt,</span> <span class='ocrx_word' id='word_1_84' title='bbox 1245 1806 1249 1811; x_wconf 64' lang='grc'><em>,</em></span> 
     </span>
     <span class='ocr_line' id='line_1_14' title="bbox 141 1830 1259 1934; baseline -0.001 -20"><span class='ocrx_word' id='word_1_85' title='bbox 141 1848 336 1934; x_wconf 90' lang='lat' dir='ltr'>Disjectum</span> <span class='ocrx_word' id='word_1_86' title='bbox 357 1850 393 1912; x_wconf 93' lang='lat' dir='ltr'>in</span> <span class='ocrx_word' id='word_1_87' title='bbox 409 1850 552 1933; x_wconf 78' lang='lat' dir='ltr'>pelagus</span> <span class='ocrx_word' id='word_1_88' title='bbox 571 1849 729 1932; x_wconf 84' lang='lat' dir='ltr'>perfosso</span> <span class='ocrx_word' id='word_1_89' title='bbox 749 1853 888 1931; x_wconf 91' lang='lat' dir='ltr'>pectore</span> <span class='ocrx_word' id='word_1_90' title='bbox 905 1867 1033 1931; x_wconf 87' lang='lat' dir='ltr'>corpus</span> <span class='ocrx_word' id='word_1_91' title='bbox 1149 1830 1156 1845; x_wconf 78' lang='grc'><em>’</em></span> <span class='ocrx_word' id='word_1_92' title='bbox 1178 1846 1259 1913; x_wconf 74' lang='grc'><strong>666·</strong></span> 
     </span>
     <span class='ocr_line' id='line_1_15' title="bbox 139 1959 1076 2043; baseline -0.002 -17"><span class='ocrx_word' id='word_1_93' title='bbox 139 1960 348 2027; x_wconf 84' lang='lat' dir='ltr'>Vulneribus</span> <span class='ocrx_word' id='word_1_94' title='bbox 364 1961 551 2025; x_wconf 87' lang='lat' dir='ltr'>transmisit</span> <span class='ocrx_word' id='word_1_95' title='bbox 566 1979 686 2043; x_wconf 88' lang='lat' dir='ltr'>aquas.</span> <span class='ocrx_word' id='word_1_96' title='bbox 702 1980 782 2043; x_wconf 92' lang='lat' dir='ltr'>pars</span> <span class='ocrx_word' id='word_1_97' title='bbox 798 1961 951 2024; x_wconf 82' lang='lat' dir='ltr'>maxima</span> <span class='ocrx_word' id='word_1_98' title='bbox 965 1959 1076 2025; x_wconf 81' lang='lat' dir='ltr'>turbae</span> 
     </span>
     <span class='ocr_line' id='line_1_16' title="bbox 140 2071 966 2156; baseline -0.004 -19"><span class='ocrx_word' id='word_1_99' title='bbox 140 2071 332 2154; x_wconf 82' lang='lat' dir='ltr'>Naufraga,</span> <span class='ocrx_word' id='word_1_100' title='bbox 349 2073 492 2156; x_wconf 89' lang='lat' dir='ltr'>jactatis</span> <span class='ocrx_word' id='word_1_101' title='bbox 510 2073 610 2134; x_wconf 91' lang='lat' dir='ltr'>morti</span> <span class='ocrx_word' id='word_1_102' title='bbox 626 2071 802 2136; x_wconf 86' lang='lat' dir='ltr'>obluctata</span> <span class='ocrx_word' id='word_1_103' title='bbox 816 2071 966 2148; x_wconf 87' lang='lat' dir='ltr'>lacertis,</span> 
     </span>
    </p>

    <p class='ocr_par' dir='ltr' id='par_1_11' title="bbox 140 2182 982 2268">
     <span class='ocr_line' id='line_1_17' title="bbox 140 2182 982 2268; baseline -0.005 -17"><span class='ocrx_word' id='word_1_104' title='bbox 140 2182 276 2268; x_wconf 92' lang='lat' dir='ltr'>Puppis</span> <span class='ocrx_word' id='word_1_105' title='bbox 294 2183 338 2248; x_wconf 87' lang='lat' dir='ltr'>ad</span> <span class='ocrx_word' id='word_1_106' title='bbox 357 2183 523 2248; x_wconf 81' lang='lat' dir='ltr'>auxilium</span> <span class='ocrx_word' id='word_1_107' title='bbox 539 2184 645 2247; x_wconf 84' lang='lat' dir='ltr'>sociae</span> <span class='ocrx_word' id='word_1_108' title='bbox 668 2184 856 2247; x_wconf 87' lang='lat' dir='ltr'>concurrit:</span> <span class='ocrx_word' id='word_1_109' title='bbox 881 2182 982 2247; x_wconf 89' lang='lat' dir='ltr'>atilli</span> 
     </span>
    </p>

    <p class='ocr_par' dir='ltr' id='par_1_12' title="bbox 140 2294 964 2377">
     <span class='ocr_line' id='line_1_18' title="bbox 140 2294 964 2377; baseline -0.002 -17"><span class='ocrx_word' id='word_1_110' title='bbox 140 2295 284 2362; x_wconf 88' lang='lat' dir='ltr'>Robora</span> <span class='ocrx_word' id='word_1_111' title='bbox 305 2315 384 2359; x_wconf 92' lang='lat' dir='ltr'>cum</span> <span class='ocrx_word' id='word_1_112' title='bbox 398 2295 512 2359; x_wconf 88' lang='lat' dir='ltr'>vetitis</span> <span class='ocrx_word' id='word_1_113' title='bbox 531 2299 730 2377; x_wconf 89' lang='lat' dir='ltr'>prensarent</span> <span class='ocrx_word' id='word_1_114' title='bbox 744 2295 846 2358; x_wconf 85' lang='lat' dir='ltr'>altius</span> <span class='ocrx_word' id='word_1_115' title='bbox 862 2294 964 2371; x_wconf 91' lang='lat' dir='ltr'>ulnis,</span> 
     </span>
    </p>

    <p class='ocr_par' dir='ltr' id='par_1_13' title="bbox 141 2402 1250 2603">
     <span class='ocr_line' id='line_1_19' title="bbox 141 2402 1250 2490; baseline 0.002 -19"><span class='ocrx_word' id='word_1_116' title='bbox 141 2406 355 2490; x_wconf 88' lang='lat' dir='ltr'>Nutaretque</span> <span class='ocrx_word' id='word_1_117' title='bbox 370 2406 454 2470; x_wconf 90' lang='lat' dir='ltr'>ratis</span> <span class='ocrx_word' id='word_1_118' title='bbox 472 2406 603 2490; x_wconf 90' lang='lat' dir='ltr'>populo</span> <span class='ocrx_word' id='word_1_119' title='bbox 615 2406 764 2489; x_wconf 87' lang='lat' dir='ltr'>peritura</span> <span class='ocrx_word' id='word_1_120' title='bbox 778 2410 936 2489; x_wconf 84' lang='lat' dir='ltr'>recepto:</span> <span class='ocrx_word' id='word_1_121' title='bbox 1182 2402 1250 2473; x_wconf 73' lang='grc'>666</span> 
     </span>
     <span class='ocr_line' id='line_1_20' title="bbox 141 2517 1011 2603; baseline 0 -22"><span class='ocrx_word' id='word_1_122' title='bbox 141 2517 256 2601; x_wconf 91' lang='lat' dir='ltr'>Impia</span> <span class='ocrx_word' id='word_1_123' title='bbox 271 2519 371 2585; x_wconf 90' lang='lat' dir='ltr'>turha</span> <span class='ocrx_word' id='word_1_124' title='bbox 386 2518 634 2603; x_wconf 85' lang='lat' dir='ltr'>supermedios</span> <span class='ocrx_word' id='word_1_125' title='bbox 650 2518 727 2581; x_wconf 80' lang='lat' dir='ltr'>ferit</span> <span class='ocrx_word' id='word_1_126' title='bbox 743 2537 824 2581; x_wconf 92' lang='lat' dir='ltr'>ense</span> <span class='ocrx_word' id='word_1_127' title='bbox 844 2518 1011 2581; x_wconf 87' lang='lat' dir='ltr'>lacertos:</span> 
     </span>
    </p>

    <p class='ocr_par' dir='ltr' id='par_1_14' title="bbox 142 2627 968 2714">
     <span class='ocr_line' id='line_1_21' title="bbox 142 2627 968 2714; baseline -0.006 -17"><span class='ocrx_word' id='word_1_128' title='bbox 142 2628 291 2697; x_wconf 83' lang='lat' dir='ltr'>Brachia</span> <span class='ocrx_word' id='word_1_129' title='bbox 305 2629 496 2713; x_wconf 88' lang='lat' dir='ltr'>linquentes</span> <span class='ocrx_word' id='word_1_130' title='bbox 512 2627 620 2694; x_wconf 86' lang='lat' dir='ltr'>Graia</span> <span class='ocrx_word' id='word_1_131' title='bbox 640 2629 824 2714; x_wconf 85' lang='lat' dir='ltr'>pendentia</span> <span class='ocrx_word' id='word_1_132' title='bbox 838 2648 968 2712; x_wconf 90' lang='lat' dir='ltr'>puppe,</span> 
     </span>
    </p>
   </div>
   <div class='ocr_carea' id='block_1_4' title="bbox 140 2788 1246 2994">
    <p class='ocr_par' dir='ltr' id='par_1_15' title="bbox 140 2788 1246 2994">
     <span class='ocr_line' id='line_1_22' title="bbox 140 2788 1245 2865; baseline 0.004 -19"><span class='ocrx_word' id='word_1_133' title='bbox 140 2799 324 2852; x_wconf 59' lang='lat' dir='ltr'>saeratae:</span> <span class='ocrx_word' id='word_1_134' title='bbox 362 2801 518 2864; x_wconf 63' lang='lat' dir='ltr'>surrupta.</span> <span class='ocrx_word' id='word_1_135' title='bbox 569 2788 710 2850; x_wconf 65' lang='lat' dir='ltr'>suoram.</span> <span class='ocrx_word' id='word_1_136' title='bbox 760 2797 1021 2865; x_wconf 53' lang='lat' dir='ltr'>summaeripae.</span> <span class='ocrx_word' id='word_1_137' title='bbox 1071 2790 1245 2852; x_wconf 62' lang='lat' dir='ltr'>sersenatis.</span> 
     </span>
     <span class='ocr_line' id='line_1_23' title="bbox 140 2865 1246 2930; baseline 0 -14"><span class='ocrx_word' id='word_1_138' title='bbox 140 2868 189 2916; x_wconf 86' lang='grc'>658</span> <span class='ocrx_word' id='word_1_139' title='bbox 201 2865 311 2928; x_wconf 81' lang='lat' dir='ltr'>Dejeetut.</span> <span class='ocrx_word' id='word_1_140' title='bbox 329 2870 377 2917; x_wconf 85' lang='lat'>658</span> <span class='ocrx_word' id='word_1_141' title='bbox 388 2869 464 2913; x_wconf 79' lang='lat' dir='ltr'>mistus</span> <span class='ocrx_word' id='word_1_142' title='bbox 471 2883 512 2926; x_wconf 87' lang='lat' dir='ltr'>per</span> <span class='ocrx_word' id='word_1_143' title='bbox 521 2865 610 2914; x_wconf 68' lang='lat' dir='ltr'>olmera</span> <span class='ocrx_word' id='word_1_144' title='bbox 636 2870 685 2917; x_wconf 85' lang='grc'>659</span> <span class='ocrx_word' id='word_1_145' title='bbox 695 2867 757 2922; x_wconf 84' lang='lat' dir='ltr'>remi,</span> <span class='ocrx_word' id='word_1_146' title='bbox 768 2881 843 2914; x_wconf 80' lang='lat' dir='ltr'>remos.</span> <span class='ocrx_word' id='word_1_147' title='bbox 860 2868 909 2914; x_wconf 86' lang='grc'>659</span> <span class='ocrx_word' id='word_1_148' title='bbox 920 2867 1038 2913; x_wconf 65' lang='lat' dir='ltr'>memoret.</span> <span class='ocrx_word' id='word_1_149' title='bbox 1056 2868 1106 2914; x_wconf 90' lang='grc'>660</span> <span class='ocrx_word' id='word_1_150' title='bbox 1117 2865 1246 2930; x_wconf 66' lang='grc' dir='ltr'>Βῄαωιι.</span> 
     </span>
     <span class='ocr_line' id='line_1_24' title="bbox 172 2932 1228 2994; baseline 0.003 -16"><span class='ocrx_word' id='word_1_151' title='bbox 172 2933 337 2992; x_wconf 78' lang='lat' dir='ltr'>660percussc.</span> <span class='ocrx_word' id='word_1_152' title='bbox 362 2934 505 2982; x_wconf 73' lang='lat' dir='ltr'>663inauer</span> <span class='ocrx_word' id='word_1_153' title='bbox 540 2935 588 2982; x_wconf 82' lang='lat'>664</span> <span class='ocrx_word' id='word_1_154' title='bbox 594 2939 722 2994; x_wconf 81' lang='lat' dir='ltr'>pensarent,</span> <span class='ocrx_word' id='word_1_155' title='bbox 729 2939 862 2992; x_wconf 68' lang='lat' dir='ltr'>pretereat.</span> <span class='ocrx_word' id='word_1_156' title='bbox 897 2932 1048 2993; x_wconf 67' lang='grc'><strong>66466666.</strong></span> <span class='ocrx_word' id='word_1_157' title='bbox 1082 2933 1132 2980; x_wconf 90' lang='grc'>666</span> <span class='ocrx_word' id='word_1_158' title='bbox 1142 2940 1228 2981; x_wconf 74' lang='lat' dir='ltr'>turma.</span> 
     </span>
    </p>
   </div>
   <div class='ocr_carea' id='block_1_5' title="bbox 110 3072 1246 4449">
    <p class='ocr_par' dir='ltr' id='par_1_16' title="bbox 110 3072 1246 4449">
     <span class='ocr_line' id='line_1_25' title="bbox 173 3072 1245 3146; baseline 0.003 -16"><span class='ocrx_word' id='word_1_159' title='bbox 173 3083 240 3132; x_wconf 75' lang='grc'><strong>649..</strong></span> <span class='ocrx_word' id='word_1_160' title='bbox 250 3072 460 3146; x_wconf 70' lang='lat' dir='ltr'>Congestopondere,</span> <span class='ocrx_word' id='word_1_161' title='bbox 469 3081 526 3144; x_wconf 74' lang='lat' dir='ltr'>dte]</span> <span class='ocrx_word' id='word_1_162' title='bbox 535 3085 631 3132; x_wconf 84' lang='lat' dir='ltr'>Inversa</span> <span class='ocrx_word' id='word_1_163' title='bbox 640 3100 679 3131; x_wconf 87' lang='lat' dir='ltr'>na·</span> <span class='ocrx_word' id='word_1_164' title='bbox 704 3083 749 3131; x_wconf 85' lang='lat' dir='ltr'>vis.</span> <span class='ocrx_word' id='word_1_165' title='bbox 755 3083 897 3131; x_wconf 80' lang='lat' dir='ltr'>Attribuitur</span> <span class='ocrx_word' id='word_1_166' title='bbox 904 3082 1065 3141; x_wconf 85' lang='lat' dir='ltr'>instrumento,</span> <span class='ocrx_word' id='word_1_167' title='bbox 1070 3086 1177 3146; x_wconf 84' lang='lat' dir='ltr'>qnodest</span> <span class='ocrx_word' id='word_1_168' title='bbox 1185 3092 1245 3139; x_wconf 76' lang='lat' dir='ltr'>irac-</span> 
     </span>
     <span class='ocr_line' id='line_1_26' title="bbox 110 3145 1244 3213; baseline 0.006 -20"><span class='ocrx_word' id='word_1_169' title='bbox 110 3172 114 3179; x_wconf 93' lang='lat'>·</span> <span class='ocrx_word' id='word_1_170' title='bbox 141 3145 187 3200; x_wconf 79' lang='lat' dir='ltr'>vis,</span> <span class='ocrx_word' id='word_1_171' title='bbox 199 3148 285 3194; x_wconf 85' lang='lat' dir='ltr'>milites</span> <span class='ocrx_word' id='word_1_172' title='bbox 297 3149 418 3195; x_wconf 87' lang='lat' dir='ltr'>conclusos</span> <span class='ocrx_word' id='word_1_173' title='bbox 431 3149 548 3195; x_wconf 87' lang='lat' dir='ltr'>demersit.</span> <span class='ocrx_word' id='word_1_174' title='bbox 705 3148 775 3196; x_wconf 77' lang='lat' dir='ltr'>tantis</span> <span class='ocrx_word' id='word_1_175' title='bbox 797 3149 981 3196; x_wconf 83' lang='lat' dir='ltr'>instrumentum.</span> <span class='ocrx_word' id='word_1_176' title='bbox 999 3149 1120 3213; x_wconf 78' lang='lat' dir='ltr'>Postquam</span> <span class='ocrx_word' id='word_1_177' title='bbox 1134 3151 1244 3210; x_wconf 76' lang='lat' dir='ltr'>inhibeat,</span> 
     </span>
     <span class='ocr_line' id='line_1_27' title="bbox 173 3211 1245 3275; baseline 0.007 -17"><span class='ocrx_word' id='word_1_178' title='bbox 173 3215 229 3259; x_wconf 89' lang='grc'><strong>651.</strong></span> <span class='ocrx_word' id='word_1_179' title='bbox 248 3211 355 3267; x_wconf 83' lang='lat' dir='ltr'>Brachia,</span> <span class='ocrx_word' id='word_1_180' title='bbox 365 3212 422 3274; x_wconf 81' lang='lat' dir='ltr'>dra]</span> <span class='ocrx_word' id='word_1_181' title='bbox 438 3215 524 3260; x_wconf 81' lang='lat' dir='ltr'>Nature</span> <span class='ocrx_word' id='word_1_182' title='bbox 534 3230 579 3260; x_wconf 91' lang='lat' dir='ltr'>non</span> <span class='ocrx_word' id='word_1_183' title='bbox 591 3214 665 3261; x_wconf 88' lang='lat' dir='ltr'>licuit.</span> <span class='ocrx_word' id='word_1_184' title='bbox 704 3212 763 3275; x_wconf 87' lang='lat' dir='ltr'>&amp;c.]</span> <span class='ocrx_word' id='word_1_185' title='bbox 782 3214 978 3261; x_wconf 60' lang='lat' dir='ltr'>secedentibus</span> <span class='ocrx_word' id='word_1_186' title='bbox 991 3215 1074 3262; x_wconf 86' lang='lat' dir='ltr'>rostris</span> <span class='ocrx_word' id='word_1_187' title='bbox 1091 3215 1183 3275; x_wconf 78' lang='lat' dir='ltr'>dejecto</span> <span class='ocrx_word' id='word_1_188' title='bbox 1194 3233 1245 3264; x_wconf 87' lang='lat' dir='ltr'>cor-</span> 
     </span>
     <span class='ocr_line' id='line_1_28' title="bbox 173 3276 1246 3340; baseline 0.007 -16"><span class='ocrx_word' id='word_1_189' title='bbox 173 3280 230 3328; x_wconf 69' lang='lat'><strong>659.</strong></span> <span class='ocrx_word' id='word_1_190' title='bbox 250 3276 323 3324; x_wconf 83' lang='lat' dir='ltr'>Unico</span> <span class='ocrx_word' id='word_1_191' title='bbox 337 3278 392 3333; x_wconf 81' lang='lat' dir='ltr'>diri,</span> <span class='ocrx_word' id='word_1_192' title='bbox 412 3277 469 3339; x_wconf 77' lang='lat' dir='ltr'>dra]</span> <span class='ocrx_word' id='word_1_193' title='bbox 487 3279 620 3326; x_wconf 86' lang='lat' dir='ltr'>Miserrima</span> <span class='ocrx_word' id='word_1_194' title='bbox 638 3295 679 3340; x_wconf 84' lang='lat' dir='ltr'>ap-</span> <span class='ocrx_word' id='word_1_195' title='bbox 704 3294 822 3340; x_wconf 87' lang='lat' dir='ltr'>pore,per</span> <span class='ocrx_word' id='word_1_196' title='bbox 833 3279 1032 3339; x_wconf 84' lang='lat' dir='ltr'>vulnuspervinm</span> <span class='ocrx_word' id='word_1_197' title='bbox 1043 3281 1246 3331; x_wconf 70' lang='lat' dir='ltr'>memoresne</span> 
     </span>
     <span class='ocr_line' id='line_1_29' title="bbox 140 3343 778 3407; baseline -0.002 -17"><span class='ocrx_word' id='word_1_198' title='bbox 140 3344 218 3403; x_wconf 79' lang='lat' dir='ltr'>paruit</span> <span class='ocrx_word' id='word_1_199' title='bbox 226 3359 272 3407; x_wconf 84' lang='lat' dir='ltr'>una</span> <span class='ocrx_word' id='word_1_200' title='bbox 281 3343 324 3390; x_wconf 90' lang='lat' dir='ltr'>leti</span> <span class='ocrx_word' id='word_1_201' title='bbox 334 3344 404 3390; x_wconf 89' lang='lat' dir='ltr'>facies</span> <span class='ocrx_word' id='word_1_202' title='bbox 414 3359 467 3388; x_wconf 90' lang='lat' dir='ltr'>cnm</span> <span class='ocrx_word' id='word_1_203' title='bbox 478 3343 654 3405; x_wconf 83' lang='lat' dir='ltr'>interciperetur</span> <span class='ocrx_word' id='word_1_204' title='bbox 665 3361 679 3392; x_wconf 88' lang='lat' dir='ltr'>a</span> <span class='ocrx_word' id='word_1_205' title='bbox 704 3359 778 3403; x_wconf 83' lang='lat' dir='ltr'>aqnae.</span> 
     </span>
     <span class='ocr_line' id='line_1_30' title="bbox 141 3407 1245 3473; baseline 0.006 -21"><span class='ocrx_word' id='word_1_206' title='bbox 141 3408 231 3455; x_wconf 85' lang='lat' dir='ltr'>duabus</span> <span class='ocrx_word' id='word_1_207' title='bbox 257 3409 356 3456; x_wconf 83' lang='lat' dir='ltr'>naribus</span> <span class='ocrx_word' id='word_1_208' title='bbox 377 3407 567 3471; x_wconf 83' lang='lat' dir='ltr'>concurrentibus</span> <span class='ocrx_word' id='word_1_209' title='bbox 584 3409 678 3469; x_wconf 82' lang='lat' dir='ltr'>juvenis</span> <span class='ocrx_word' id='word_1_210' title='bbox 737 3410 793 3454; x_wconf 84' lang='lat'><strong>661.</strong></span> <span class='ocrx_word' id='word_1_211' title='bbox 811 3407 868 3454; x_wconf 79' lang='lat' dir='ltr'>Pars</span> <span class='ocrx_word' id='word_1_212' title='bbox 879 3410 982 3467; x_wconf 77' lang='lat' dir='ltr'>maximo,</span> <span class='ocrx_word' id='word_1_213' title='bbox 998 3407 1057 3471; x_wconf 76' lang='lat' dir='ltr'>bra]</span> <span class='ocrx_word' id='word_1_214' title='bbox 1073 3409 1149 3458; x_wconf 79' lang='lat' dir='ltr'>Neris</span> <span class='ocrx_word' id='word_1_215' title='bbox 1166 3413 1245 3473; x_wconf 76' lang='lat' dir='ltr'>cujm·</span> 
     </span>
     <span class='ocr_line' id='line_1_31' title="bbox 140 3472 1245 3532; baseline 0.006 -14"><span class='ocrx_word' id='word_1_216' title='bbox 140 3472 235 3532; x_wconf 89' lang='lat' dir='ltr'>quidam</span> <span class='ocrx_word' id='word_1_217' title='bbox 245 3481 333 3528; x_wconf 83' lang='lat' dir='ltr'>natans,</span> <span class='ocrx_word' id='word_1_218' title='bbox 352 3474 434 3520; x_wconf 88' lang='lat' dir='ltr'>rostris</span> <span class='ocrx_word' id='word_1_219' title='bbox 451 3473 543 3520; x_wconf 88' lang='lat' dir='ltr'>navium</span> <span class='ocrx_word' id='word_1_220' title='bbox 559 3473 584 3520; x_wconf 89' lang='lat' dir='ltr'>in</span> <span class='ocrx_word' id='word_1_221' title='bbox 600 3475 678 3521; x_wconf 89' lang='lat' dir='ltr'>medio</span> <span class='ocrx_word' id='word_1_222' title='bbox 704 3473 757 3519; x_wconf 84' lang='lat' dir='ltr'>dam</span> <span class='ocrx_word' id='word_1_223' title='bbox 773 3473 927 3521; x_wconf 83' lang='lat' dir='ltr'>Massiliensis</span> <span class='ocrx_word' id='word_1_224' title='bbox 938 3475 1019 3521; x_wconf 74' lang='lat' dir='ltr'>tractus</span> <span class='ocrx_word' id='word_1_225' title='bbox 1030 3474 1116 3524; x_wconf 86' lang='lat' dir='ltr'>milites</span> <span class='ocrx_word' id='word_1_226' title='bbox 1129 3492 1158 3523; x_wconf 78' lang='lat' dir='ltr'>ao</span> <span class='ocrx_word' id='word_1_227' title='bbox 1168 3483 1245 3525; x_wconf 62' lang='lat' dir='ltr'>asub</span> 
     </span>
     <span class='ocr_line' id='line_1_32' title="bbox 138 3537 1244 3598; baseline 0.006 -16"><span class='ocrx_word' id='word_1_228' title='bbox 138 3538 232 3597; x_wconf 83' lang='lat' dir='ltr'>juvenis</span> <span class='ocrx_word' id='word_1_229' title='bbox 242 3546 337 3598; x_wconf 87' lang='lat' dir='ltr'>pectore</span> <span class='ocrx_word' id='word_1_230' title='bbox 347 3538 442 3586; x_wconf 86' lang='lat' dir='ltr'>collisis.</span> <span class='ocrx_word' id='word_1_231' title='bbox 704 3537 782 3584; x_wconf 88' lang='lat' dir='ltr'>eonati</span> <span class='ocrx_word' id='word_1_232' title='bbox 793 3539 847 3584; x_wconf 84' lang='lat' dir='ltr'>vitae</span> <span class='ocrx_word' id='word_1_233' title='bbox 859 3554 907 3584; x_wconf 82' lang='lat' dir='ltr'>snae</span> <span class='ocrx_word' id='word_1_234' title='bbox 918 3539 1046 3596; x_wconf 85' lang='lat' dir='ltr'>consulere,</span> <span class='ocrx_word' id='word_1_235' title='bbox 1060 3541 1147 3588; x_wconf 80' lang='lat' dir='ltr'>socium</span> <span class='ocrx_word' id='word_1_236' title='bbox 1161 3555 1244 3590; x_wconf 76' lang='lat' dir='ltr'>navem</span> 
     </span>
     <span class='ocr_line' id='line_1_33' title="bbox 139 3601 1243 3666; baseline 0.005 -17"><span class='ocrx_word' id='word_1_237' title='bbox 139 3618 143 3624; x_wconf 91' lang='lat'>·</span> <span class='ocrx_word' id='word_1_238' title='bbox 173 3604 229 3650; x_wconf 81' lang='grc'><strong>657.</strong></span> <span class='ocrx_word' id='word_1_239' title='bbox 248 3601 411 3666; x_wconf 82' lang='lat' dir='ltr'>AErasonent.]</span> <span class='ocrx_word' id='word_1_240' title='bbox 428 3602 510 3650; x_wconf 82' lang='lat' dir='ltr'>AEruta</span> <span class='ocrx_word' id='word_1_241' title='bbox 521 3609 604 3650; x_wconf 89' lang='lat' dir='ltr'>rostra.</span> <span class='ocrx_word' id='word_1_242' title='bbox 618 3602 679 3651; x_wconf 76' lang='lat' dir='ltr'>Eliso</span> <span class='ocrx_word' id='word_1_243' title='bbox 704 3603 803 3649; x_wconf 82' lang='lat' dir='ltr'>natando</span> <span class='ocrx_word' id='word_1_244' title='bbox 820 3609 903 3663; x_wconf 89' lang='lat' dir='ltr'>petunt</span> <span class='ocrx_word' id='word_1_245' title='bbox 919 3611 1083 3665; x_wconf 85' lang='lat' dir='ltr'>prensautqne,</span> <span class='ocrx_word' id='word_1_246' title='bbox 1097 3605 1155 3654; x_wconf 85' lang='lat' dir='ltr'>licet</span> <span class='ocrx_word' id='word_1_247' title='bbox 1171 3605 1243 3654; x_wconf 74' lang='lat' dir='ltr'>inter-¹</span> 
     </span>
     <span class='ocr_line' id='line_1_34' title="bbox 139 3666 1243 3728; baseline 0.006 -16"><span class='ocrx_word' id='word_1_248' title='bbox 139 3666 236 3728; x_wconf 74' lang='lat' dir='ltr'>uentre]</span> <span class='ocrx_word' id='word_1_249' title='bbox 254 3669 393 3728; x_wconf 73' lang='lat' dir='ltr'>Compressu</span> <span class='ocrx_word' id='word_1_250' title='bbox 404 3675 428 3715; x_wconf 91' lang='lat' dir='ltr'>et</span> <span class='ocrx_word' id='word_1_251' title='bbox 443 3675 547 3716; x_wconf 85' lang='lat' dir='ltr'>contuso.</span> <span class='ocrx_word' id='word_1_252' title='bbox 569 3667 614 3714; x_wconf 83' lang='lat' dir='ltr'>Per</span> <span class='ocrx_word' id='word_1_253' title='bbox 631 3685 678 3726; x_wconf 86' lang='lat' dir='ltr'>oro,</span> <span class='ocrx_word' id='word_1_254' title='bbox 704 3668 761 3714; x_wconf 88' lang='lat' dir='ltr'>dicti</span> <span class='ocrx_word' id='word_1_255' title='bbox 773 3670 802 3714; x_wconf 85' lang='lat' dir='ltr'>ab</span> <span class='ocrx_word' id='word_1_256' title='bbox 813 3669 852 3724; x_wconf 88' lang='lat' dir='ltr'>iis,</span> <span class='ocrx_word' id='word_1_257' title='bbox 863 3668 937 3727; x_wconf 88' lang='lat' dir='ltr'>quiin</span> <span class='ocrx_word' id='word_1_258' title='bbox 953 3669 1008 3716; x_wconf 85' lang='lat' dir='ltr'>nari</span> <span class='ocrx_word' id='word_1_259' title='bbox 1018 3676 1091 3726; x_wconf 87' lang='lat' dir='ltr'>erant,</span> <span class='ocrx_word' id='word_1_260' title='bbox 1109 3671 1243 3720; x_wconf 77' lang='lat' dir='ltr'>subversio·</span> 
     </span>
     <span class='ocr_line' id='line_1_35' title="bbox 141 3730 1243 3794; baseline 0.005 -16"><span class='ocrx_word' id='word_1_261' title='bbox 141 3730 200 3794; x_wconf 84' lang='lat' dir='ltr'>&amp;c.]</span> <span class='ocrx_word' id='word_1_262' title='bbox 223 3733 323 3792; x_wconf 75' lang='lat' dir='ltr'>Sanguis</span> <span class='ocrx_word' id='word_1_263' title='bbox 344 3734 460 3780; x_wconf 87' lang='lat' dir='ltr'>intestinis</span> <span class='ocrx_word' id='word_1_264' title='bbox 482 3735 564 3780; x_wconf 84' lang='lat' dir='ltr'>mistus</span> <span class='ocrx_word' id='word_1_265' title='bbox 586 3732 679 3794; x_wconf 88' lang='lat' dir='ltr'>ejicitur</span> <span class='ocrx_word' id='word_1_266' title='bbox 703 3749 757 3780; x_wconf 91' lang='lat' dir='ltr'>uem</span> <span class='ocrx_word' id='word_1_267' title='bbox 773 3732 917 3789; x_wconf 89' lang='lat' dir='ltr'>timentibus,</span> <span class='ocrx_word' id='word_1_268' title='bbox 929 3734 949 3780; x_wconf 85' lang='lat' dir='ltr'>si</span> <span class='ocrx_word' id='word_1_269' title='bbox 960 3735 995 3781; x_wconf 88' lang='lat' dir='ltr'>illi</span> <span class='ocrx_word' id='word_1_270' title='bbox 1009 3735 1193 3783; x_wconf 81' lang='lat' dir='ltr'>admitterentur.</span> <span class='ocrx_word' id='word_1_271' title='bbox 1240 3762 1243 3767; x_wconf 95' lang='lat'>·</span> 
     </span>
     <span class='ocr_line' id='line_1_36' title="bbox 139 3797 1242 3862; baseline 0.006 -20"><span class='ocrx_word' id='word_1_272' title='bbox 139 3810 189 3857; x_wconf 84' lang='lat' dir='ltr'>ora,</span> <span class='ocrx_word' id='word_1_273' title='bbox 205 3797 271 3844; x_wconf 76' lang='lat' dir='ltr'>velut</span> <span class='ocrx_word' id='word_1_274' title='bbox 282 3799 366 3844; x_wconf 87' lang='lat' dir='ltr'>sanies.</span> <span class='ocrx_word' id='word_1_275' title='bbox 736 3800 792 3848; x_wconf 77' lang='lat'>664.</span> <span class='ocrx_word' id='word_1_276' title='bbox 811 3798 972 3862; x_wconf 58' lang='lat' dir='ltr'>nolanae]</span> <span class='ocrx_word' id='word_1_277' title='bbox 990 3799 1203 3849; x_wconf 86' lang='lat' dir='ltr'>Navessooicrum.</span> <span class='ocrx_word' id='word_1_278' title='bbox 1238 3830 1242 3835; x_wconf 95' lang='lat'>·</span> 
     </span>
     <span class='ocr_line' id='line_1_37' title="bbox 173 3862 1243 3930; baseline 0.007 -23"><span class='ocrx_word' id='word_1_279' title='bbox 173 3865 229 3911; x_wconf 83' lang='lat'><strong>659.</strong></span> <span class='ocrx_word' id='word_1_280' title='bbox 247 3862 367 3924; x_wconf 79' lang='lat' dir='ltr'>Postquam</span> <span class='ocrx_word' id='word_1_281' title='bbox 385 3862 483 3909; x_wconf 80' lang='lat' dir='ltr'>inhibeat</span> <span class='ocrx_word' id='word_1_282' title='bbox 504 3864 569 3910; x_wconf 72' lang='lat' dir='ltr'>uernis</span> <span class='ocrx_word' id='word_1_283' title='bbox 583 3879 677 3924; x_wconf 79' lang='lat' dir='ltr'>puppes,</span> <span class='ocrx_word' id='word_1_284' title='bbox 736 3868 792 3914; x_wconf 81' lang='lat'><strong>665.</strong></span> <span class='ocrx_word' id='word_1_285' title='bbox 810 3862 1243 3930; x_wconf 67' lang='lat' dir='ltr'>Nata·et.]1n0unnumrperiot·s</span> 
     </span>
     <span class='ocr_line' id='line_1_38' title="bbox 139 3927 1243 3991; baseline 0.008 -20"><span class='ocrx_word' id='word_1_286' title='bbox 139 3935 242 3974; x_wconf 75' lang='lat' dir='ltr'>dorostro</span> <span class='ocrx_word' id='word_1_287' title='bbox 252 3929 369 3983; x_wconf 83' lang='lat' dir='ltr'>recedunt,</span> <span class='ocrx_word' id='word_1_288' title='bbox 377 3927 433 3988; x_wconf 74' lang='lat' dir='ltr'>dte]</span> <span class='ocrx_word' id='word_1_289' title='bbox 446 3927 562 3974; x_wconf 83' lang='lat' dir='ltr'>Gronorio</span> <span class='ocrx_word' id='word_1_290' title='bbox 569 3930 645 3990; x_wconf 86' lang='lat' dir='ltr'>placet</span> <span class='ocrx_word' id='word_1_291' title='bbox 653 3935 678 3975; x_wconf 90' lang='lat' dir='ltr'>ut</span> <span class='ocrx_word' id='word_1_292' title='bbox 703 3935 798 3975; x_wconf 77' lang='lat' dir='ltr'>teretur.</span> <span class='ocrx_word' id='word_1_293' title='bbox 816 3927 944 3991; x_wconf 79' lang='lat' dir='ltr'>Peritura]</span> <span class='ocrx_word' id='word_1_294' title='bbox 965 3931 1023 3976; x_wconf 86' lang='lat' dir='ltr'>Erat</span> <span class='ocrx_word' id='word_1_295' title='bbox 1034 3929 1096 3976; x_wconf 86' lang='lat' dir='ltr'>enim</span> <span class='ocrx_word' id='word_1_296' title='bbox 1106 3937 1184 3979; x_wconf 73' lang='lat' dir='ltr'>mutas</span> <span class='ocrx_word' id='word_1_297' title='bbox 1194 3936 1243 3980; x_wconf 57' lang='lat' dir='ltr'>-uuk</span> 
     </span>
     <span class='ocr_line' id='line_1_39' title="bbox 138 3993 1243 4058; baseline 0.008 -22"><span class='ocrx_word' id='word_1_298' title='bbox 138 3993 333 4050; x_wconf 77' lang='lat' dir='ltr'>¹reponaturrerut:</span> <span class='ocrx_word' id='word_1_299' title='bbox 344 3993 447 4039; x_wconf 88' lang='lat' dir='ltr'>sicenim</span> <span class='ocrx_word' id='word_1_300' title='bbox 454 3994 677 4040; x_wconf 87' lang='lat' dir='ltr'>molliusremisros-</span> <span class='ocrx_word' id='word_1_301' title='bbox 702 3993 854 4048; x_wconf 85' lang='lat' dir='ltr'>merus‚utsi</span> <span class='ocrx_word' id='word_1_302' title='bbox 865 4000 986 4055; x_wconf 84' lang='lat' dir='ltr'>susceptus</span> <span class='ocrx_word' id='word_1_303' title='bbox 1003 3993 1093 4051; x_wconf 80' lang='lat' dir='ltr'>fuisset,</span> <span class='ocrx_word' id='word_1_304' title='bbox 1111 3997 1179 4044; x_wconf 79' lang='lat' dir='ltr'>naria</span> <span class='ocrx_word' id='word_1_305' title='bbox 1188 4010 1243 4058; x_wconf 69' lang='lat' dir='ltr'>pru·</span> 
     </span>
     <span class='ocr_line' id='line_1_40' title="bbox 139 4055 1109 4121; baseline 0.006 -20"><span class='ocrx_word' id='word_1_306' title='bbox 139 4055 228 4115; x_wconf 88' lang='lat' dir='ltr'>trisque</span> <span class='ocrx_word' id='word_1_307' title='bbox 240 4057 300 4102; x_wconf 85' lang='lat' dir='ltr'>actio</span> <span class='ocrx_word' id='word_1_308' title='bbox 311 4064 335 4103; x_wconf 89' lang='lat' dir='ltr'>et</span> <span class='ocrx_word' id='word_1_309' title='bbox 343 4064 418 4104; x_wconf 89' lang='lat' dir='ltr'>motus</span> <span class='ocrx_word' id='word_1_310' title='bbox 428 4059 596 4105; x_wconf 83' lang='lat' dir='ltr'>adscribuntur.</span> <span class='ocrx_word' id='word_1_311' title='bbox 615 4061 677 4121; x_wconf 79' lang='lat' dir='ltr'>Ergo</span> <span class='ocrx_word' id='word_1_312' title='bbox 703 4059 813 4105; x_wconf 85' lang='lat' dir='ltr'>coldubio</span> <span class='ocrx_word' id='word_1_313' title='bbox 825 4056 974 4119; x_wconf 79' lang='lat' dir='ltr'>mergeretur.</span> <span class='ocrx_word' id='word_1_314' title='bbox 992 4058 1109 4119; x_wconf 80' lang='lat' dir='ltr'>Sulpitias.</span> 
     </span>
     <span class='ocr_line' id='line_1_41' title="bbox 138 4119 1242 4186; baseline 0.005 -19"><span class='ocrx_word' id='word_1_315' title='bbox 138 4119 238 4174; x_wconf 76' lang='lat' dir='ltr'>inhibent</span> <span class='ocrx_word' id='word_1_316' title='bbox 249 4123 320 4176; x_wconf 76' lang='lat' dir='ltr'>remis,</span> <span class='ocrx_word' id='word_1_317' title='bbox 330 4130 351 4168; x_wconf 87' lang='lat' dir='ltr'>et</span> <span class='ocrx_word' id='word_1_318' title='bbox 361 4123 453 4184; x_wconf 79' lang='lat' dir='ltr'>remiges</span> <span class='ocrx_word' id='word_1_319' title='bbox 463 4123 561 4170; x_wconf 76' lang='lat' dir='ltr'>irdribent</span> <span class='ocrx_word' id='word_1_320' title='bbox 571 4132 592 4170; x_wconf 88' lang='lat' dir='ltr'>et</span> <span class='ocrx_word' id='word_1_321' title='bbox 601 4140 678 4171; x_wconf 83' lang='lat' dir='ltr'>novem</span> <span class='ocrx_word' id='word_1_322' title='bbox 735 4127 791 4173; x_wconf 86' lang='grc'><strong>666.</strong></span> <span class='ocrx_word' id='word_1_323' title='bbox 810 4121 884 4183; x_wconf 74' lang='lat' dir='ltr'>impia</span> <span class='ocrx_word' id='word_1_324' title='bbox 896 4123 983 4186; x_wconf 77' lang='lat' dir='ltr'>turta]</span> <span class='ocrx_word' id='word_1_325' title='bbox 1000 4124 1061 4184; x_wconf 79' lang='lat' dir='ltr'>Quia</span> <span class='ocrx_word' id='word_1_326' title='bbox 1078 4123 1155 4173; x_wconf 82' lang='lat' dir='ltr'>socios</span> <span class='ocrx_word' id='word_1_327' title='bbox 1170 4124 1242 4173; x_wconf 73' lang='lat' dir='ltr'>leda-</span> 
     </span>
     <span class='ocr_line' id='line_1_42' title="bbox 139 4183 1242 4253; baseline 0.005 -19"><span class='ocrx_word' id='word_1_328' title='bbox 139 4183 542 4241; x_wconf 64' lang='lat' dir='ltr'>iuhibeutctncueminhibentremis,</span> <span class='ocrx_word' id='word_1_329' title='bbox 551 4189 677 4249; x_wconf 84' lang='lat' dir='ltr'>quodinte·</span> <span class='ocrx_word' id='word_1_330' title='bbox 703 4191 749 4236; x_wconf 90' lang='lat' dir='ltr'>bat.</span> <span class='ocrx_word' id='word_1_331' title='bbox 767 4190 838 4248; x_wconf 83' lang='lat' dir='ltr'>Super</span> <span class='ocrx_word' id='word_1_332' title='bbox 849 4188 996 4252; x_wconf 74' lang='lat' dir='ltr'>medrbsferit</span> <span class='ocrx_word' id='word_1_333' title='bbox 1005 4189 1074 4252; x_wconf 77' lang='lat' dir='ltr'>ensa]</span> <span class='ocrx_word' id='word_1_334' title='bbox 1091 4189 1242 4253; x_wconf 59' lang='lat' dir='ltr'>Dmupenih</span> 
     </span>
     <span class='ocr_line' id='line_1_43' title="bbox 139 4252 1239 4318; baseline 0.005 -21"><span class='ocrx_word' id='word_1_335' title='bbox 139 4252 361 4312; x_wconf 74' lang='lat' dir='ltr'>grum‚ctdenique</span> <span class='ocrx_word' id='word_1_336' title='bbox 375 4252 479 4298; x_wconf 87' lang='lat' dir='ltr'>inhibent</span> <span class='ocrx_word' id='word_1_337' title='bbox 490 4253 566 4312; x_wconf 86' lang='lat' dir='ltr'>remi;</span> <span class='ocrx_word' id='word_1_338' title='bbox 583 4260 607 4300; x_wconf 94' lang='lat' dir='ltr'>ut</span> <span class='ocrx_word' id='word_1_339' title='bbox 616 4256 678 4315; x_wconf 84' lang='lat' dir='ltr'>apud</span> <span class='ocrx_word' id='word_1_340' title='bbox 703 4254 765 4301; x_wconf 84' lang='lat' dir='ltr'>navi.</span> <span class='ocrx_word' id='word_1_341' title='bbox 783 4253 909 4316; x_wconf 63' lang='lat' dir='ltr'>lauream]</span> <span class='ocrx_word' id='word_1_342' title='bbox 926 4255 1028 4306; x_wconf 86' lang='lat' dir='ltr'>Navium</span> <span class='ocrx_word' id='word_1_343' title='bbox 1038 4254 1210 4318; x_wconf 63' lang='lat' dir='ltr'>prensantium..</span> <span class='ocrx_word' id='word_1_344' title='bbox 1235 4302 1239 4311; x_wconf 86' lang='grc'><em>,</em></span> 
     </span>
     <span class='ocr_line' id='line_1_44' title="bbox 138 4314 1246 4381; baseline 0.008 -18"><span class='ocrx_word' id='word_1_345' title='bbox 138 4314 212 4363; x_wconf 74' lang='lat' dir='ltr'>Oria</span> <span class='ocrx_word' id='word_1_346' title='bbox 233 4317 279 4362; x_wconf 84' lang='lat' dir='ltr'>duo</span> <span class='ocrx_word' id='word_1_347' title='bbox 298 4317 423 4381; x_wconf 43' lang='lat' dir='ltr'>demunt</span> <span class='ocrx_word' id='word_1_348' title='bbox 446 4319 571 4365; x_wconf 79' lang='lat' dir='ltr'>retinacula</span> <span class='ocrx_word' id='word_1_349' title='bbox 587 4334 677 4366; x_wconf 79' lang='lat' dir='ltr'>uorem:</span> <span class='ocrx_word' id='word_1_350' title='bbox 736 4323 792 4370; x_wconf 87' lang='grc'><strong>667.</strong></span> <span class='ocrx_word' id='word_1_351' title='bbox 810 4317 908 4380; x_wconf 65' lang='lat' dir='ltr'>Graia]</span> <span class='ocrx_word' id='word_1_352' title='bbox 936 4319 1088 4373; x_wconf 77' lang='lat' dir='ltr'>Massiliensi·</span> <span class='ocrx_word' id='word_1_353' title='bbox 1114 4319 1246 4377; x_wconf 56' lang='lat' dir='ltr'>Potum</span> 
     </span>
     <span class='ocr_line' id='line_1_45' title="bbox 139 4378 1167 4449; baseline 0.01 -22"><span class='ocrx_word' id='word_1_354' title='bbox 139 4378 188 4427; x_wconf 66' lang='lat' dir='ltr'>aar</span> <span class='ocrx_word' id='word_1_355' title='bbox 203 4382 249 4442; x_wconf 72' lang='grc' dir='ltr'>τοῦ,</span> <span class='ocrx_word' id='word_1_356' title='bbox 259 4380 351 4449; x_wconf 65' lang='lat' dir='ltr'>duobis</span> <span class='ocrx_word' id='word_1_357' title='bbox 359 4381 631 4435; x_wconf 78' lang='lat' dir='ltr'>defenditurretinaeulis</span> <span class='ocrx_word' id='word_1_358' title='bbox 639 4400 679 4433; x_wconf 84' lang='lat' dir='ltr'>na·</span> <span class='ocrx_word' id='word_1_359' title='bbox 700 4382 795 4449; x_wconf 79' lang='lat' dir='ltr'>puppe]</span> <span class='ocrx_word' id='word_1_360' title='bbox 808 4384 996 4448; x_wconf 73' lang='lat' dir='ltr'>anpuaasoil.</span> <span class='ocrx_word' id='word_1_361' title='bbox 1164 4406 1167 4411; x_wconf 94' lang='lat'>·</span> 
     </span>
    </p>
   </div>
   <div class='ocr_carea' id='block_1_6' title="bbox 0 0 1396 4860">
    <p class='ocr_par' dir='ltr' id='par_1_17' title="bbox 0 0 1396 4860">
     <span class='ocr_line' id='line_1_46' title="bbox 0 0 1396 4860; baseline 0 1"><span class='ocrx_word' id='word_1_362' title='bbox 0 0 1396 4860; x_wconf 95' lang='lat' dir='ltr'> </span> 
     </span>
    </p>
   </div>
  </div>
 </body>
</html>
