2784 4860
349 371 583 442 cremis
627 368 813 441 anum
858 367 977 442 nra.
1005 372 1049 440 v.
1194 336 1295 444 aar

201 551 303 616 Flsus
319 557 442 615 cuneta
456 551 522 614 sibi
538 568 677 616 cessura
691 549 844 633 pericula
868 548 1001 627 Caesar,

156 661 286 745 Sperne
307 663 426 738 minas,
442 663 561 744 inquit,
578 662 703 745 pelagi,
718 665 888 742 ventoque
904 659 1028 734 fluenti

154 773 268 847 Trade
288 776 409 837 sinum.
435 774 571 836 Italiam
586 774 616 836 si
637 773 727 836 ooelo
749 775 887 834 auctore
907 782 1064 847 recusas·

155 883 214 947 Me
229 890 318 966 pete.
338 885 414 947 sola
428 885 490 946 tibi
504 902 610 947 causa
623 883 698 946 haec
716 887 768 945 est
781 882 877 965 justa
891 882 1035 957 timoris,
1187 879 1254 945 580

154 992 338 1058 Vectorem
352 1013 420 1055 non
434 1011 536 1056 nosse
553 991 667 1071 tuum3
691 1012 792 1076 quem
806 993 948 1054 numina
965 1003 1138 1074 nunquam
1193 984 1209 1087 '-

154 1104 372 1182 Destituunt3
397 1105 438 1167 de
457 1123 525 1186 quo
540 1105 628 1166 male
642 1109 723 1167 tnnc
745 1102 894 1166 Fortuna
914 1108 1071 1179 meretur,
1222 1091 1227 1099 ⁸

152 1213 239 1277 Cum
254 1220 333 1296 post
347 1219 429 1278 vota
442 1214 551 1277 venit:
573 1213 705 1276 medias
720 1220 900 1296 perrumpe
921 1206 1092 1296 procellas
1118 1226 1130 1241 ”
1148 1240 1151 1244 ·
1200 1225 1201 1231 ’

152 1323 276 1387 Tutela
291 1343 408 1386 secure
428 1342 515 1385 mea.
537 1324 618 1387 coeli
637 1324 701 1386 iste
716 1323 871 1406 fretique,

152 1430 187 1496 N
189 1453 234 1497 on
253 1434 380 1515 puppis
395 1437 519 1496 nostrae
534 1434 632 1496 labor
646 1437 719 1497 est:
742 1433 829 1497 hanc
846 1433 983 1498 Caesare
1000 1453 1155 1518 pressam
1184 1423 1252 1499 585

150 1541 184 1606 A
204 1542 310 1605 fluctu
324 1541 481 1605 defendet
500 1562 597 1606 onus
616 1563 679 1606 neo
694 1545 797 1625 longa
815 1545 920 1609 furori
1180 1535 1183 1539 ’

152 1651 339 1715 Ventorum
357 1671 453 1716 saevo
466 1652 604 1716 dabitur
624 1673 738 1716 mora:
761 1655 911 1736 proderit
924 1655 1024 1719 undis

152 1761 227 1826 Ista
243 1764 336 1825 ratis
358 1782 422 1826 nec
437 1761 535 1825 flecte
550 1781 706 1826 manum:
730 1764 808 1845 fuge
829 1749 987 1846 proirima
1001 1765 1087 1829 velis

149 1872 299 1937 Littora:
322 1879 393 1936 tum
409 1873 555 1936 Calabro
570 1878 671 1955 portu
682 1877 715 1936 te
731 1874 832 1936 crede
849 1874 1007 1955 potitum,
1021 1863 1023 1867 ¹

149 1983 236 2048 Cum
247 1984 319 2067 jam
341 2005 410 2048 non
424 1985 547 2067 poterit
566 1983 686 2066 puppi,
702 1972 895 2066 nostraeque
911 1985 1013 2048 saluti
1120 2005 1123 2011 ·
1185 1984 1252 2050 590

148 2090 267 2158 Altera
285 2099 374 2157 terra
393 2095 476 2157 dari.
501 2093 582 2176 quid
604 2097 699 2156 tanta
713 2098 823 2176 strage
838 2100 975 2178 paretur

147 2203 313 2284 Ignorast
337 2205 458 2286 quaerit
471 2205 585 2286 pelagi
605 2203 752 2286 coelique
774 2206 919 2269 tumultu

146 2311 240 2390 Quid
255 2319 393 2395 praestet
411 2313 561 2377 Fortrma
575 2313 668 2376 mihi.
692 2311 774 2377 Non
790 2315 889 2396 plura
902 2314 1017 2380 locuto

147 2462 196 2509 580
200 2464 266 2524 justa
279 2461 325 2508 lraec
336 2470 365 2507 est
377 2476 452 2517 carrea,
464 2477 531 2508 caasa
542 2470 572 2507 ert
583 2460 776 2522 hacjasta,jaste
786 2470 817 2507 est
828 2461 873 2508 lraee
883 2477 959 2509 caasa.
1070 2465 1116 2513 581
1131 2458 1246 2512 Victorem.

244 2528 292 2572 583
302 2541 427 2586 prorumpe.
510 2529 558 2574 586
571 2541 614 2571 aaa
625 2527 667 2570 loa.
750 2528 797 2574 587
811 2528 903 2571 imbitur
918 2542 978 2572 savo.
1053 2528 1101 2573 588
1112 2540 1147 2571 ae.

379 2593 427 2637 588
437 2605 522 2637 amaus.
630 2592 678 2639 589
689 2597 752 2636 tane.
865 2592 914 2638 593
932 2591 1004 2644 Qrad.

179 2707 236 2764 577.
254 2714 319 2761 Fisus
326 2723 407 2762 warte
414 2715 462 2768 sebi,
473 2713 530 2775 &o.]
548 2715 627 2760 Gaesar
636 2714 650 2757 i.
659 2730 681 2759 r·
707 2712 776 2772 gium‚
791 2714 832 2758 sed
841 2704 958 2759 ventorum
966 2729 992 2759 ae
1001 2712 1072 2758 maris
1082 2704 1185 2774 qua'rdam
1193 2728 1242 2759 mo·

145 2786 224 2827 tunam
235 2779 313 2826 multis
329 2786 396 2826 antea
411 2779 479 2825 bellis
497 2777 543 2824 eibi
560 2778 681 2837 benignam
706 2776 775 2822 lestia
785 2785 821 2822 est
832 2783 855 2822 et
865 2777 989 2823 infestatio.
1008 2777 1114 2824 Harena.
1134 2776 1189 2824 Ceti
1203 2777 1243 2823 itte

144 2850 169 2890 et
176 2845 290 2890 laventem
296 2852 415 2904 expertus,
424 2857 493 2902 quum
502 2842 680 2897 nondubitnret,
697 2839 811 2902 fletique,
819 2839 941 2902 llloa,&e1.]
951 2843 1074 2890 uferatur
1080 2857 1127 2895 aer,
1134 2841 1244 2900 plentina

145 2908 199 2968 quin
210 2908 255 2954 ista
266 2909 335 2954 etiam
350 2907 473 2967 praesentia
489 2906 593 2966 pericula
609 2906 681 2952 lelioi-
705 2904 810 2964 pelagus,
821 2912 899 2952 nostra
910 2906 983 2966 puppi
995 2907 1090 2966 sospite,
1105 2907 1143 2953 oni
1153 2906 1242 2954 nonin·

145 2979 181 3019 ter
193 2974 309 3028 evaderet,
329 2973 439 3018 edietum
453 2973 546 3018 modum
560 2970 681 3030 respondit
705 2969 806 3016 tenditur
817 2985 831 3015 n
843 2970 918 3016 ventis
929 2970 1062 3032 perieulum.
1171 3010 1174 3017 .

145 3047 228 3083 nautae.
247 3035 348 3083 Hortenr.
736 3036 792 3082 585.
811 3033 879 3081 Haeo
897 3033 982 3082 Geram
997 3033 1114 3094 pressam]
1132 3033 1186 3082 Hor
1196 3041 1241 3091 eet,

177 3105 233 3151 578.
251 3101 337 3163 Pelagi,
349 3099 406 3160 dea]
424 3098 483 3144 Haeo
499 3098 557 3143 mari
573 3098 633 3144 iacta
643 3113 679 3144 re-
703 3110 770 3152 0nus,
781 3098 932 3156 quadrellis,
949 3099 1056 3147 desendet
1073 3097 1198 3157 nauigium,
1213 3099 1239 3146 in

143 3165 188 3212 fert
203 3173 283 3212 noster
299 3173 322 3211 et
333 3163 474 3220 Suetonine3
489 3163 530 3208 sed
549 3162 611 3208 Plnt.
630 3163 678 3220 Ap-
702 3175 748 3218 quo
759 3161 835 3220 ipsum
846 3163 960 3209 Greearem
977 3163 1043 3208 vehis
1058 3168 1084 3210 ‚et
1100 3165 1150 3220 ejus
1165 3164 1249 3210 tortus⁴
1348 3182 1364 3189 ⁰

142 3229 208 3290 pian.
226 3230 273 3275 Dio
284 3229 309 3274 in
319 3229 411 3273 flumine
420 3227 488 3272 Anio.
499 3227 599 3286 adcujus
610 3227 677 3281 ostia,
702 3237 761 3270 narn.
779 3225 950 3272 Poetanimiam
958 3226 1126 3282 confidentiam,
1133 3228 1174 3273 sod
1183 3242 1238 3288 poen·

144 3307 196 3340 enm
207 3302 288 3339 aestum
306 3294 377 3338 maria
393 3299 417 3337 et
431 3292 514 3336 fluetus
531 3297 677 3338 occurrentes
702 3287 755 3345 tiae,
766 3289 853 3336 Caesari
863 3290 961 3348 tribuit3
976 3291 1040 3350 qnasi
1052 3306 1109 3336 vero
1121 3291 1142 3335 ei
1154 3291 1237 3340 iuma-

142 3358 205 3405 unlia
216 3357 240 3404 vi
252 3366 290 3403 aut
299 3365 347 3402 arte
357 3358 497 3416 gubernator
504 3370 612 3413 superare
623 3371 676 3415 pos-
701 3367 732 3399 nu
742 3362 810 3409 esset,
827 3355 910 3402 ductus
925 3370 1013 3416 regere.
1031 3361 1055 3401 et
1073 3354 1146 3400 tentia
1162 3354 1236 3414 impe·

143 3429 186 3477 eet,
197 3421 273 3467 navim
284 3429 345 3466 retro
357 3422 469 3467 vertebat.
482 3422 544 3478 quod
559 3421 676 3478 eompion·
700 3432 759 3464 mre.
777 3421 853 3476 Quare
870 3425 1000 3478 arroganter
1019 3418 1093 3467 addit:
1113 3417 1161 3467 Nee
1170 3419 1236 3482 longe

142 3489 180 3532 lue
191 3488 278 3541 Caesar,
286 3486 387 3547 seipsum
398 3485 496 3543 aperuit,
504 3491 676 3544 etmannmgu-
692 3480 774 3542 sirtori
788 3480 906 3527 Venturam
920 3483 1075 3528 emendabitur
1085 3498 1152 3528 mora.
1173 3483 1237 3531 Hon-
1258 3472 1267 3487 ⁰

141 3549 271 3597 bematoris
288 3550 379 3596 attoniti
395 3549 549 3608 prehendens:
566 3548 675 3610 Agedum,
700 3551 759 3592 tene.
772 3545 838 3593 Hane
848 3545 931 3592 Cesar-e
937 3545 1054 3606 pressam]
1067 3548 1144 3593 cesar
1152 3555 1234 3597 ventor

140 3614 222 3674 inquit,
233 3616 285 3660 boae
295 3614 338 3670 vir,
346 3615 453 3660 audaeter
462 3627 536 3674 perge,
547 3627 614 3672 aeque
623 3614 675 3659 time
699 3617 772 3658 tutam
781 3611 949 3670 tibiprreetabit
957 3612 1069 3670 cymbam,
1076 3611 1141 3671 quasi
1148 3621 1232 3661 numen

141 3680 269 3741 paieqemm:
288 3678 393 3724 Curarem
409 3677 469 3723 veta
485 3685 508 3723 et
520 3676 611 3722 Caturia
628 3693 675 3724 aaa
699 3675 796 3722 tutelare
806 3675 880 3730 navis,
891 3675 946 3720 vide
960 3675 995 3721 Cl.
1011 3675 1040 3720 V.
1057 3676 1077 3721 1.
1097 3676 1189 3723 Saldae.
1201 3677 1231 3725 de

133 3742 263 3807 forrum.
700 3739 754 3785 Diis
765 3740 838 3799 Syrie,
851 3740 967 3798 syntagm.
979 3743 1001 3786 2.
1013 3754 1062 3800 oap.
1074 3741 1112 3788 15.
1218 3766 1229 3774 =·

173 3809 229 3856 579.
247 3805 344 3866 Sinum]
354 3805 418 3850 Vela.
433 3803 490 3850 Celo
500 3812 589 3850 auctore
599 3820 674 3852 reone·
731 3807 787 3851 586.
806 3803 854 3850 Nec
871 3803 1044 3866 lorrgnfurori]
1068 3805 1119 3851 Neo
1141 3804 1234 3856 durabit

140 3870 184 3933 aa]
202 3872 278 3918 Vento
289 3871 433 3930 prohibente.
698 3868 739 3914 diu
751 3874 875 3928 tempestas
887 3869 943 3914 haeo.
1192 3910 1195 3915 ,

173 3939 229 3985 580.
249 3935 287 3982 Me
296 3933 365 3995 pete]
383 3935 423 3979 Me
431 3933 533 3992 jubente.
730 3936 785 3982 588
804 3931 927 3992 Proxima]
946 3931 1012 3991 Epiri
1023 3931 1058 3980 lit.

172 4003 229 4050 583.
248 4000 304 4046 Cam
313 4007 361 4059 post
376 4006 425 4044 vota
439 3996 517 4058 venit]
534 3997 592 4043 Cum
603 4014 673 4058 expe·
731 3999 787 4044 589.
806 3995 917 4057 Calabra]
935 3996 1090 4044 Brundusino.

136 4065 197 4113 titur
207 4073 274 4124 atque
285 4069 429 4123 expectatur,
447 4068 471 4107 et
482 4069 537 4108 vota
552 4078 602 4110 mea
612 4069 674 4109 ante·
730 4064 786 4108 590.
805 4059 915 4123 Cumjum
928 4077 979 4116 aon,
989 4059 1045 4121 dte]
1063 4061 1125 4117 Quin
1135 4077 1231 4124 nequeo

140 4129 212 4176 vertit
220 4145 316 4188 semper,
326 4130 440 4187 donatque
450 4134 673 4187 semper,antequam
697 4141 723 4172 re
735 4141 785 4173 mea
795 4131 838 4179 eat,
851 4141 924 4185 nequa
935 4127 1017 4178 aetate,
1028 4133 1054 4170 ut
1063 4134 1193 4186 repetamus
1203 4126 1233 4175 ll.

139 4200 195 4254 opto
206 4194 300 4254 aliquid.
560 4212 565 4221 ·
584 4229 586 4231 .
697 4199 735 4237 tue
747 4192 887 4252 oppositum,
897 4191 922 4237 id
932 4195 976 4244 est,
990 4190 1061 4250 Epiri.
1073 4191 1114 4245 vel,
1126 4191 1197 4239 alind.

172 4261 228 4306 584.
248 4257 326 4303 Tutela
341 4271 415 4303 secure
429 4255 495 4316 area]
514 4256 589 4311 Quem
604 4271 673 4316 egon
729 4256 786 4304 591.
803 4254 902 4320 Strage]
918 4255 1073 4314 Tempestate.

139 4321 435 4384 perieulietutaripomm.
449 4318 671 4384 Coetiiatefretiqroe.]
697 4355 700 4360 -
729 4323 784 4370 593.
802 4320 863 4373 Quid
879 4327 970 4380 prestet
984 4317 1176 4380 Fmtarmnriitr'd
1195 4319 1231 4367 Ut
1296 4316 1297 4319 ¹

140 4387 196 4434 Hor
206 4387 335 4449 perieulum
346 4386 402 4433 nihil
414 4392 593 4433 euratnoetrum
607 4384 673 4433 nevi·
696 4392 792 4445 Μαι
812 4385 869 4433 miti
879 4421 882 4429 .
892 4384 1040 4439 immunem,
1051 4383 1231 4445 metentium,
