2784 4860
149 326 211 390 roa
273 302 284 314 ’
419 323 982 395 n.··suuru1nucsu1
1039 344 1059 388 ,;

145 499 289 582 Expulit
304 519 483 577 armorum,
507 499 655 582 pacique
671 499 819 564 intentus
834 500 969 582 agebat,
1040 504 1048 515 '

143 607 293 691 Quoque
309 609 411 673 modo
428 628 536 673 vanos
552 609 674 692 populi
690 609 841 674 conciret
856 615 1002 686 amores,

146 717 282 793 Gnarus
299 724 333 783 et
348 720 473 783 irarum
489 739 632 811 causas,
648 724 683 784 et
698 739 832 786 summa
845 719 976 786 favoris

144 827 292 894 Annona
306 835 477 895 momenta
492 830 590 895 trahi.
613 850 761 914 namque
784 831 907 901 asserit
918 831 1023 916 urbes

143 940 228 1004 Sola
248 941 368 1019 fames,
393 942 580 1024 emiturque
602 947 725 1019 metus,
749 960 828 1007 cum
843 960 949 1025 segne
961 944 1122 1026 potentes

143 1050 278 1133 Vulgus
294 1053 398 1115 alunt.
421 1053 532 1117 nescit
545 1053 665 1135 plebes
682 1052 946 1137 jejuna-timere.
972 1099 975 1103 ‚
1008 1122 1011 1127 ,

143 1161 248 1226 Curio
269 1161 427 1228 Sicanias
443 1164 681 1229 transcendere
697 1164 818 1248 jussus
839 1164 875 1229 in
893 1163 1009 1242 mbas,
1049 1203 1052 1208 ·

56 1313 58 1317 ι
113 1330 117 1336 .
144 1273 225 1353 Qua
239 1295 331 1340 mare
346 1276 500 1340 tellurem
516 1275 639 1340 subitis
657 1279 717 1340 aut
731 1275 845 1340 obnuit
858 1275 972 1352 undis,

144 1383 215 1449 Aut
230 1385 344 1462 scidit,
367 1391 402 1449 et
420 1385 551 1459 medias
566 1385 650 1449 fecit
668 1385 736 1449 sibi
750 1385 866 1450 littora
878 1389 997 1451 terras.

143 1497 209 1562 Vis
231 1497 303 1567 illic
319 1498 438 1579 ingens
453 1497 579 1581 pelagi,
601 1515 805 1580 semperque
821 1497 979 1563 laborant
997 1491 1001 1500 '

144 1609 311 1692 AEquora,
333 1629 376 1673 ne
392 1610 483 1694 rupti
504 1613 659 1692 repetant
673 1607 821 1674 confinia
835 1612 989 1672 montes:

143 1719 309 1804 Bellaque
327 1719 477 1784 Sardoas
493 1720 595 1784 etiarn
611 1724 814 1802 sparguntur
830 1718 866 1781 in
885 1736 975 1783 oras.
1038 1770 1041 1775 .

143 1831 296 1914 Utraque
313 1831 483 1914 frugiferis
499 1836 551 1895 est
565 1831 680 1894 insula
693 1827 820 1894 nobilis
841 1829 944 1906 arvis,

144 1941 220 2006 Nec
236 1943 314 2025 plus
331 1942 538 2024 Hesperiam
558 1934 949 2024 longinquismessibus
960 1939 1053 2016 ullae,

142 2051 219 2118 Nec
237 2053 396 2116 Romana
409 2053 519 2136 magis
536 2053 749 2135 complerunt
764 2050 886 2114 horrea
906 2054 1016 2116 tense.

143 2165 256 2228 Ubere
272 2166 333 2228 vix
352 2165 461 2247 glebae
478 2168 627 2248 superat,
652 2162 867 2228 cessantibus
882 2158 1032 2238 Austris,

139 2273 227 2339 Cum
242 2275 392 2338 medium
405 2276 514 2340 nubes
530 2275 643 2339 Borea
664 2279 806 2357 cogente
829 2274 893 2339 sub
908 2293 1023 2350 axem,

141 2385 269 2452 Effusis
285 2404 444 2472 magnum
460 2386 568 2470 Libye
590 2388 668 2453 tulit
685 2387 850 2452 imbribus
873 2405 1010 2451 annum
1204 2384 1251 2449 to

139 2547 347 2594 auvarorum.
426 2549 457 2597 58
475 2546 546 2593 alunt.
621 2550 653 2596 61
670 2554 712 2594 aut
722 2547 780 2594 med.
869 2548 901 2594 68
916 2553 1031 2608 superem.
1108 2543 1248 2592 turam

141 2697 523 2746 maximeereessearbitraretur
542 2697 680 2758 Pompeium
705 2697 782 2744 aulam
801 2713 864 2743 mare
878 2696 993 2759 Rhegium
1007 2702 1032 2744 et
1049 2691 1182 2745 Pelorum
1174 2701 1266 2745 mter-1

143 2762 217 2823 sequi,
226 2764 367 2825 priusquam
380 2763 680 2810 setransmnrinisauxiliis
705 2762 762 2810 fluit.
781 2761 1052 2823 V1delrbfi.supravs.
1065 2761 1122 2810 435

142 2828 299 2874 confirmaret·
294 2829 402 2889 ,partim
421 2835 496 2875 tamen
513 2827 680 2875 naviumdesi
738 2830 778 2876 63.
796 2825 832 2873 Ne
846 2827 918 2886 rupti,
936 2825 993 2888 &o]
1011 2828 1049 2873 Ne
1065 2823 1204 2886 Apenninus
1222 2833 1248 2874 et

140 2893 223 2950 derio,
240 2893 325 2951 partim
343 2909 372 2938 ne
392 2893 447 2954 quid
461 2909 485 2939 se
501 2894 595 2939 absente
607 2898 680 2939 tenta
705 2893 803 2939 Pelorus
821 2891 846 2938 vi
864 2893 976 2938 undarum
987 2890 1082 2946 divulsi,
1099 2905 1247 2939 rursusuuu·

141 2964 206 3004 retur
226 2972 268 3016 per
291 2956 390 3004 Galliam
410 2964 435 3003 et
455 2958 555 3012 Italiam,
582 2957 681 3017 timens;
702 2959 836 3017 jungantur.

143 3037 185 3068 nee
197 3037 242 3066 non
254 3021 387 3067 exercitum
398 3022 423 3068 in
434 3021 550 3082 Hispania
561 3023 603 3068 sub
615 3023 680 3070 duci·
738 3025 777 3068 64.
795 3019 904 3082 Bellaque
915 3018 1031 3084 Sardoas]
1044 3017 1247 3070 veteriusmtssrs

142 3088 185 3132 bus
197 3085 347 3145 Pompeianis
362 3087 464 3133 veritus:
482 3088 506 3134 in
520 3086 623 3134 Siciliam
634 3087 681 3135 Cu·
706 3093 742 3132 est
753 3088 915 3133 frumentatum
926 3086 950 3132 in
961 3086 1098 3133 Sardiniam.

140 3151 206 3198 riona
225 3150 307 3205 misso,
322 3150 346 3197 in
368 3152 497 3199 Sardiniam
516 3151 618 3206 Valerio,
635 3152 678 3200 &a
738 3154 777 3201 66.
797 3149 907 3211 Neoptus
920 3149 1075 3214 Hesperium]
1091 3149 1147 3198 Nun
1156 3149 1247 3200 exulis

142 3217 198 3277 lpse
212 3215 312 3263 Iberiam
323 3217 427 3278 cogitans
439 3219 468 3264 ed
479 3218 565 3264 Urbem
576 3218 681 3279 proficis·
705 3215 752 3263 nlla
761 3224 822 3263 terra
830 3217 906 3275 major
916 3217 1025 3264 frumenti
1037 3216 1105 3278 eapte
1120 3215 1246 3264 ututtn

142 3281 211 3328 citur.
706 3288 730 3328 et
741 3282 839 3328 Romam
850 3281 979 3339 advehitur,
996 3297 1063 3344 quam
1074 3296 1106 3329 ex
1115 3280 1200 3330 tnsntts
1208 3281 1247 3330 Si·

173 3349 213 3396 55.
232 3346 326 3394 Gaurus
337 3355 359 3394 et
369 3348 458 3394 irarum
471 3345 570 3408 causas]
599 3347 680 3393 Sciens
705 3346 790 3394 ciliaet
799 3345 913 3392 Sardinia

141 3411 221 3472 populi
234 3412 323 3460 animos
339 3412 471 3469 abalienari,
490 3412 564 3459 adde
582 3413 690 3459 deficere
723 3415 777 3461 68.
797 3409 878 3458 Ubere
888 3412 933 3466 uic,
943 3408 1006 3474 ara]
1023 3409 1083 3458 vtx
1090 3410 1153 3473 ipss
1164 3411 1274 3473 Atta„

140 3483 164 3523 et
181 3477 333 3524 detrectare'
326 3478 457 3537 mperium,
475 3478 494 3525 si
514 3478 604 3538 quando
621 3479 680 3524 lame
705 3484 799 3537 superat
818 3475 937 3522 fertilitate
954 3477 1024 3523 lias
1016 3492 1061 3526 rus.
1086 3475 1182 3557 Austris
1197 3488 1248 3526 uult

141 3547 165 3587 et
182 3542 280 3601 penuria
296 3542 426 3602 laboretur,
443 3542 560 3590 conciliari
579 3543 680 3589 studium
705 3541 821 3588 flantibus.

140 3607 217 3668 plebis
237 3614 261 3653 et
279 3579 471 3663 benevolentiam,
493 3607 618 3666 largitione
641 3623 680 3653 au·
737 3610 776 3654 69.
796 3605 854 3653 Cum
871 3605 971 3652 medium
989 3606 1059 3654 nubes
1073 3601 1247 3670 Beres.]01m

141 3685 222 3729 nonae3
238 3687 289 3732 quae
308 3673 393 3718 sola'
374 3672 460 3719 civium
472 3672 628 3721 obedientiam
639 3673 679 3717 ob·
704 3671 804 3732 repulsis
823 3687 837 3717 a
848 3671 924 3717 Borea
935 3670 1035 3718 nubibus
1044 3671 1120 3733 rigatu
1129 3664 1246 3729 abundum

125 3706 241 3811 ‘stringit
275 3738 334 3783 Curn
350 3738 450 3797 populus
468 3738 626 3784 durstnntum
644 3750 680 3783 res
704 3735 1245 3800 messemetlrugumproventumtulitllerss.]

140 3802 220 3848 uanus
231 3808 298 3860 optet,
282 3802 403 3848 tPanem
417 3811 441 3859 et
462 3803 585 3851 Circenses.
595 3801 678 3849 Juven.
704 3802 758 3848 Non
775 3801 863 3862 quod
855 3817 879 3848 ιιι
897 3801 1030 3850 siticulosa
1032 3801 1129 3863 regione
1146 3801 1244 3864 libyes,

142 3867 190 3913 Sat.
204 3870 242 3912 10.
255 3883 290 3912 vs.
299 3870 337 3913 80.
704 3873 744 3912 ant
763 3869 805 3913 snb
824 3865 912 3913 torrida
931 3882 988 3914 rone
1003 3866 1081 3928 largus
1100 3866 1246 3916 imbertum

173 3933 214 3979 56.
232 3930 323 3993 Trebi]
341 3930 474 3978 Conciliari.
704 3931 779 3988 cadat,
795 3931 836 3980 sed
854 3932 916 3993 quod
930 3937 991 3979 terra
1001 3931 1089 3992 largius
1099 3932 1246 3980 humectetur

173 3998 213 4044 57.
232 3995 330 4059 Metus]
349 3997 494 4044 Obedientia.
704 4011 756 4042 rore
767 4002 893 4044 nocturno:
904 4007 950 4058 qua
960 3995 1245 4060 tempereell'usspluvia,

158 4063 213 4110 58
231 4060 337 4123 Jejuna.]
362 4061 432 4108 Fame
455 4077 542 4121 pressa.
571 4059 679 4123 Timere]
704 4067 728 4108 et
738 4061 827 4108 Sardoa
840 4069 865 4108 et
874 4061 952 4110 Sicula
962 4077 1016 4110 rurs
1031 4061 1122 4110 utiliter
1137 4061 1257 4125 rigatur·

141 4127 256 4181 Studium,
273 4126 349 4181 fidem,
366 4126 502 4187 obsequium
511 4131 629 4186 prestare
705 4132 728 4172 et
738 4127 920 4186 perfunduntur
1247 4165 1257 4175 ..

157 4193 213 4249 59.
233 4191 302 4239 Curio
318 4190 428 4245 suanias,
446 4190 503 4252 dte]
521 4190 679 4266 Curioitaque
736 4193 777 4237 70.
795 4190 909 4256 Magnum
925 4189 1034 4256 anam]
1054 4191 1156 4243 tuem
1173 4204 1244 4238 sum-

141 4264 270 4318 propraetor
278 4271 331 4302 eum
343 4255 555 4317 tubuslegrombus
564 4270 680 4302 mrssusrn
706 4271 765 4312 nam,
786 4257 963 4306 annaurim
983 4265 1008 4306 et
1034 4256 1108 4342 ditem
1133 4266 1241 4306 hm.

139 4321 251 4379 Siciliam,
267 4321 436 4368 frumentatum.
707 4290 811 4371 Hortaris.

169 4394 213 4440 ,.60
232 4387 286 4443 Qus
302 4402 364 4434 mare
373 4385 488 4441 tellurem
504 4383 561 4449 bro]
579 4387 632 4447 Qus
642 4385 680 4433 Si
1105 4398 1108 4403 ’
1145 4381 1148 4387 ’
1211 4396 1258 4427 aa
