2784 4860
186 339 230 403 72
460 338 511 404 M.
554 336 758 405 ANNAEI
803 335 1024 407 Lucam
1052 342 1062 397 ἲ

187 511 256 576 Hae
271 511 396 576 flexere
411 512 521 576 virum
535 531 651 588 vocae,
675 516 710 576 et
725 516 880 594 tempora
898 527 1094 594 quanquam
1223 508 1292 575 850

163 613 167 623 '
187 621 273 686 Sunt
288 621 401 685 aliena
415 623 510 699 toris,
530 622 603 704 jam
618 621 690 685 fato
705 622 741 684 in
756 622 848 685 bella
862 625 1029 686 vocante:

185 731 332 795 Foedera
348 732 424 795 sola
437 738 563 807 tamen,
584 733 741 814 vana'que
758 733 909 796 carentia
922 749 1053 821 pompa

182 842 205 906 J
207 863 268 907 ura
282 844 430 926 placent,
455 844 630 924 sacrisque
646 843 730 907 deos
746 842 922 906 admittere
937 846 1053 906 testes.

185 952 290 1018 Festa
305 958 466 1030 corenato
482 973 550 1017 non
566 953 714 1036 pendent
729 953 844 1016 limine
860 957 968 1032 serta3

184 1063 365 1145 Infulaque
380 1064 417 1126 in
430 1064 583 1144 geminos
599 1045 756 1126 discurrit
771 1061 921 1126 candida
935 1066 1068 1144 postes,
1218 1060 1289 1126 865

182 1173 426 1257 Legitimaeque
441 1173 549 1249 facea,
573 1173 800 1255 gradibusque
816 1172 960 1236 acclivis
975 1172 1120 1237 eburnis·

181 1282 258 1353 Stat
272 1289 377 1360 torua,
400 1289 435 1349 et
448 1284 543 1367 picto
558 1288 672 1347 vestes
687 1282 898 1346 discriminat
912 1301 1016 1346 auro:

182 1394 385 1476 {durataque
398 1414 555 1478 premens
570 1394 715 1458 frontem
728 1398 883 1458 matrona
898 1412 1037 1470 corona,

182 1503 323 1568 Tralata
336 1505 444 1569 vetuit
458 1505 651 1586 contingere
666 1504 784 1568 limina
799 1504 928 1586 planta.
1231 1556 1235 1561 .

183 1612 266 1678 Non
279 1614 434 1678 timidum
449 1620 565 1698 nuptae
581 1615 699 1679 leviter
714 1620 845 1679 tectura
860 1615 1032 1701 pudorem
1219 1612 1288 1681 860

213 1749 262 1797 351
279 1749 337 1797 sat.
414 1753 499 1800 ,aee
516 1750 618 1798 werras.
733 1750 782 1798 359
800 1747 921 1796 reumata
937 1747 1172 1811 annuentem»
1183 1756 1254 1797 m.

184 1862 256 1924 gavit,
273 1864 435 1912 victusautem
448 1864 585 1927 fugiensque
596 1863 620 1910 in
630 1862 720 1924 AEgyp-
778 1866 834 1912 35⁷.
861 1861 1032 1925 Discrimina]
1058 1860 1194 1911 Dividitur
1211 1862 1288 1912 variat

183 1936 240 1985 tum,
257 1945 307 1976 eam
317 1938 433 1990 receptam
440 1932 501 1992 fugae
512 1929 621 1976 comitem
632 1929 719 1974 habuit.
747 1926 840 1986 tymbis,
857 1935 880 1974 et
890 1928 957 1975 lineis
970 1929 1056 1976 aureis.
1212 1970 1218 1979 ,

183 1992 223 2039 lib.
235 1995 257 2040 5.
270 1996 371 2041 valta.
779 1993 835 2038 368.
854 1991 992 2053 Turritaque
999 2006 1112 2054 premam,
1129 1988 1287 2054 &alliaque

216 2059 272 2106 351.
290 2058 371 2105 Aliena
379 2061 440 2115 toris,
449 2058 505 2120 dra]
522 2058 575 2104 Non
587 2059 721 2104 contraheu·
745 2070 809 2100 more
818 2064 939 2117 nuptarum
950 2073 1032 2118 geraus
1048 2072 1155 2105 eoronam
1165 2057 1286 2107 urentis

183 2121 220 2168 dis
237 2123 387 2170 matrimoniis
400 2116 461 2184 apta,
477 2123 609 2168 imminente
625 2124 673 2182 jam
689 2123 721 2167 ei·
746 2119 880 2168 distinctam
899 2129 967 2182 atqua
977 2122 1141 2184 insurgentem,
1159 2120 1218 2169 vitat
1237 2121 1286 2189 (sle

183 2185 226 2232 vili
239 2187 307 2232 bello.
371 2207 373 2210 ⁴
745 2184 1186 2250 euimlegltBrodoeus)tangereliureu.
1201 2185 1286 2247 Neque

215 2253 271 2299 353.
290 2250 393 2305 radet-a,
411 2249 466 2311 dre]
488 2249 552 2297 Hinc
571 2249 653 2296 dilatat
670 2265 720 2295 nar·
745 2249 952 2312 enimereligione
971 2260 1021 2298 erat
1039 2267 1121 2299 novam
1140 2255 1286 2317 nuptampo·

88 2334 92 2343 ·
183 2314 466 2361 rationemaeeremouiis
482 2315 622 2374 nuptialibus
635 2315 720 2361 Roma·
746 2312 815 2360 dibus
834 2313 905 2361 limen
923 2324 1025 2377 tangere,
1043 2316 1086 2363 sed
1101 2315 1286 2375 tntmnsganu

184 2395 264 2426 norum
283 2381 307 2426 id
327 2379 454 2441 temporis3
479 2395 573 2439 quarum
594 2378 652 2425 nihil
673 2386 720 2426 tum
746 2380 1072 2438 supportabaturaPronnbis
1083 2387 1123 2426 sut
1132 2379 1284 2427 transiliebat.

184 2442 243 2490 inter
263 2460 303 2490 eos
320 2444 461 2491 celebratum
478 2444 530 2490 suit.
565 2444 720 2490 Harumenn-
746 2443 920 2490 Rationesvide
927 2445 988 2504 apud
996 2445 1113 2492 Plutarch.
1120 2444 1284 2501 llquuaest.

186 2509 310 2555 metatione
330 2507 460 2554 admirabili
479 2509 547 2567 eopia
568 2508 720 2555 narrationem
746 2510 785 2554 29.
813 2509 839 2553 Si
857 2509 996 2555 retineamus
1013 2508 1106 2556 vetuit?
1130 2507 1195 2568 Quid
1213 2508 1285 2556 sirie

185 2573 315 2632 amplificat.
332 2573 439 2620 Hortens.
457 2571 553 2619 Foedera
567 2573 612 2618 solu
624 2572 719 2634 tamea]
744 2570 916 2631 intelligamus?
934 2575 1016 2633 Neque
1035 2571 1191 2632 Berecynthia
1203 2579 1284 2628 mater,

184 2636 291 2698 Conjugii
300 2638 365 2691 fides,
382 2637 440 2683 citra
453 2651 561 2698 pompam
572 2638 686 2684 celebrem
697 2644 720 2683 et
746 2635 833 2694 Cybele
844 2637 935 2692 turrita,
947 2653 997 2696 quae
1007 2639 1088 2684 eadem
1096 2643 1132 2685 est
1140 2651 1194 2684 cum
1202 2637 1285 2693 Vesta,

185 2702 326 2748 ceremonias
337 2702 473 2761 nuptiarum.
745 2699 770 2745 id
781 2706 824 2754 est,
841 2707 909 2756 terra,
927 2701 1003 2748 vetuit
1019 2702 1078 2748 hanc
1088 2709 1183 2761 nuptam
1192 2699 1283 2748 contin-

215 2767 270 2813 353.
290 2765 348 2813 Deos
359 2767 477 2811 admittere
492 2765 577 2827 testea]
594 2767 677 2813 Jovem
696 2773 720 2811 et
745 2779 799 2822 gere
808 2764 879 2809 limen
887 2765 998 2817 Pedibus.
1015 2767 1089 2813 Varro
1097 2764 1207 2813 enimrsf.
1215 2764 1282 2813 Serv.

181 2831 296 2877 ‚lunonem
303 2832 400 2886 τελιὶους,
410 2828 532 2886 Venerem,
541 2832 647 2885 Suadam,
663 2831 719 2875 Dia·
745 2829 774 2872 ad
785 2829 808 2874 8.
821 2829 871 2875 Eel.
890 2829 955 2889 Virg.
968 2829 1075 2890 opinatus
1091 2835 1137 2887 est,
1149 2828 1205 2877 ideo
1212 2844 1282 2890 spon·

182 2909 241 2941 nam.
259 2895 312 2940 vide
327 2895 445 2940 Plutarch.
464 2896 534 2941 Rom.
554 2897 641 2954 Quaest.
655 2899 675 2941 2.
696 2902 720 2941 et
745 2904 782 2938 sas
793 2891 863 2938 limen
872 2909 917 2940 non
929 2894 1043 2955 tetigisse,
1055 2911 1083 2941 ne
1092 2893 1236 2955 smfflegto
1245 2891 1282 2940 in·

184 2972 235 3018 quae
246 2975 289 3004 nos
300 2961 329 3005 ad
340 2959 448 3004 Medeam
459 2960 551 3005 Senecae
562 2976 595 3007 vs.
608 2963 630 3005 1.
744 2957 860 3013 ehoarent,
881 2957 902 3003 si
912 2959 1052 3018 depositura
1065 2956 1224 3018 virginitatem
1234 2958 1283 3006 usl-

215 3023 270 3071 354.
291 3023 356 3069 Festa
372 3032 483 3078 emunata,
501 3023 559 3084 dre]
577 3025 603 3070 ln
621 3022 719 3070 celebri·
744 3029 822 3067 carent
841 3038 891 3068 rem
914 3023 998 3079 Vesta,
1016 3024 1039 3069 id
1057 3030 1101 3079 est,
1124 3023 1211 3069 numini
1232 3036 1282 3070 aar·
1378 3078 1380 3083 y

182 3092 230 3132 tate
244 3087 376 3146 nuptiarum
392 3095 471 3148 postes
482 3095 506 3134 et
514 3090 605 3148 J‘anaam
623 3088 718 3134 floribus
743 3085 835 3132 tissime
852 3095 1014 3134 consecratam.
1031 3087 1054 3134 d.
1075 3086 1216 3146 Rutgersia's
1236 3086 1284 3149 leg.

181 3157 206 3197 et
215 3150 274 3197 serta
283 3152 363 3200 lronde
373 3153 492 3200 ornabant.
524 3152 631 3200 Juvenal.
643 3153 684 3200 lib.
694 3156 718 3200 6.
743 3151 832 3207 metetit,
848 3167 917 3198 sensu
935 3167 981 3210 quo
1000 3152 1083 3200 Horat.
1104 3151 1151 3198 0d.
1169 3154 1193 3198 2.
1204 3151 1247 3200 lib.
1258 3155 1282 3199 2.

182 3219 266 3263 va80.
741 3231 817 3276 pennu
826 3224 940 3263 metuente
948 3217 1009 3275 solui,
1026 3215 1071 3264 &a
1104 3217 1158 3264 Var.
1176 3215 1280 3264 lection

213 3282 270 3328 355.
287 3279 428 3358 quitlaqoa]
439 3280 514 3327 Novae
523 3289 600 3343 nupta
611 3280 718 3328 adlimen
744 3280 786 3326 lib.
795 3285 817 3326 1.
830 3296 881 3340 oap.
893 3284 931 3329 13.

180 3344 257 3392 mariti
274 3347 315 3392 ubr
333 3346 460 3401 venissent,
480 3356 567 3405 postes,
584 3345 719 3406 priusquam
775 3345 824 3392 359
836 3344 1037 3408 .Traluruvetoit.]
1046 3345 1283 3394 Praemittens

180 3409 363 3470 ingrederentur,
379 3411 453 3457 laneis
470 3410 538 3457 vittis
557 3419 580 3458 st
593 3410 672 3456 fasciis
682 3426 718 3456 re·
742 3409 800 3454 vitat
810 3410 861 3456 MS.
880 3413 1000 3458 Puteanor.
1018 3418 1042 3457 et
1052 3407 1139 3456 'l'lruan
1156 3417 1181 3457 et
1197 3409 1229 3456 R.
1242 3424 1281 3456 arr-

180 3474 301 3531 dinrlbant,
318 3476 414 3534 oleoque
430 3477 555 3536 ungebant.
573 3472 716 3538 Infulaque]
743 3473 836 3533 tiqnior.
854 3488 921 3534 quam
939 3475 1062 3522 lectionem
1073 3474 1098 3520 in
1116 3478 1207 3522 textum
1223 3474 1282 3521 reui-

180 3539 301 3598 Gonjunct,
313 3540 414 3603 copulat.
432 3555 596 3602 quaproaec,
612 3547 718 3599 utsupra
742 3538 851 3598 piendam
871 3554 963 3586 censeo.
997 3540 1028 3585 Et
1046 3546 1149 3584 murrona
1162 3537 1280 3599 accipian·

179 3618 215 3650 vs.
225 3604 265 3652 35.
743 3603 806 3659 dum,
824 3617 869 3648 non
886 3605 916 3650 de
927 3605 1040 3664 pronuba,
1058 3603 1100 3649 sed
1118 3603 1148 3649 de
1158 3602 1212 3663 ipsa
1222 3618 1283 3650 nova

210 3669 267 3716 356.
286 3666 447 3730 Legitimeqae
456 3667 544 3731 facea]
562 3667 615 3727 Ε’γὼ
636 3666 654 3712 δ’
673 3668 718 3715 olel
743 3674 822 3728 nupta.
840 3666 940 3723 Gratiam
958 3669 1014 3715 Fuit
1025 3675 1101 3714 autern
1119 3667 1181 3728 apud
1196 3669 1281 3715 Roma-

179 3748 213 3779 ea
224 3729 286 3792 πυςδς
302 3731 382 3793 apide
393 3737 437 3794 φῶς
446 3733 534 3796 νόμιμον
544 3732 564 3779 ἰν
574 3734 661 3794 γάμοις,
673 3732 716 3780 &a
743 3746 785 3778 nos
798 3732 879 3788 moris,
895 3739 921 3778 ut
928 3733 997 3778 domo
1008 3731 1130 3794 egrediens
1140 3746 1203 3778 nora
1210 3747 1282 3793 spou-

180 3796 305 3856 Euripides
314 3798 337 3842 in
349 3797 487 3844 Phoenissis.
520 3797 627 3858 Quinque
641 3805 717 3844 antem
743 3812 776 3851 sa,
793 3796 864 3843 limen
875 3798 1007 3844 transiliret.
1026 3796 1123 3843 Plautus
1137 3795 1162 3842 iu
1179 3797 1281 3844 Casina:
1351 3798 1356 3805 '

179 3861 242 3908 faces
254 3862 422 3909 adhibebantur
440 3862 463 3908 in
475 3863 568 3922 nuptiis.
593 3861 648 3908 vide
666 3879 716 3922 quae
742 3861 827 3908 Sensim
837 3876 906 3922 super
917 3862 993 3908 umolte
1000 3861 1070 3917 limen
1078 3861 1283 3922 pedesneoaasp·

178 3941 222 3972 uos
234 3927 263 3971 ad
282 3926 336 3972 Seu.
354 3926 465 3974 Thebaid.
486 3943 522 3974 vs.
541 3929 596 3974 507.
615 3927 716 3974 rationes
741 3936 773 3972 tu.
792 3926 907 3973 Plutarch.
925 3924 946 3972 ir
968 3926 1093 3988 Ρῶμαΐκοῒς.
1111 3922 1170 3970 'imai
1185 3928 1223 3974 τὴν
1240 3942 1283 3985 γι·

178 3988 232 4052 legs
249 3993 310 4049 apud
322 3992 439 4037 Plutarch.
458 3992 527 4037 Rom.
548 3992 635 4048 Quaest.
654 3995 676 4038 3.
692 4000 717 4038 et
740 3988 846 4052 pavetne
873 3991 910 4036 ola
937 3989 997 4037 ἐῶσιν
1027 3991 1092 4038 αὐτὴν
1118 3986 1227 4051 mergimus
1246 3991 1281 4037 rit

180 4055 304 4116 Angustia.
317 4056 346 4101 de
360 4055 430 4103 (livit.
443 4056 496 4111 Dei,
506 4057 548 4102 lib.
560 4059 583 4102 6.
595 4072 645 4116 esp.
658 4062 680 4105 9.
693 4064 717 4102 et
742 4053 795 4102 odilo
814 4057 853 4107 τῆς
874 4052 946 4112 οἰκίας,
966 4051 1018 4100 ἀλλ’
1036 4052 1175 4116 ὑπεραίρουσιν
1195 4055 1213 4101 ol
1232 4070 1282 4118 rgo·

177 4118 220 4166 lib.
230 4122 254 4166 7.
274 4136 324 4180 cap.
345 4125 383 4170 24.
403 4119 570 4182 Gredibusque,
589 4119 648 4180 dre]
668 4123 716 4167 Ne·
740 4119 872 4180 πέμποντις.
889 4121 965 4167 Plaut.
983 4121 1007 4166 in
1023 4119 1122 4166 Casina:
1142 4116 1188 4165 Ubi
1204 4127 1232 4166 tu
1249 4133 1281 4176 ee,

179 4200 224 4245 que
244 4185 320 4232 lectus
341 4185 365 4231 in
385 4186 495 4230 bonorem
514 4185 583 4232 Genii
606 4185 716 4231 sternitur
741 4186 781 4247 qui
808 4185 880 4231 colere
900 4199 970 4231 mera
992 4182 1141 4230 Massilienses
1159 4183 1282 4244 paetulos?

176 4249 201 4296 in
222 4250 282 4305 aula,
299 4250 323 4295 in
345 4265 412 4310 quem
434 4249 554 4308 gradibus,
573 4248 716 4296 inscenditur
741 4249 935 4297 hooestmolles.
951 4248 1068 4296 Brodaeas.
1167 4288 1171 4293 .

178 4315 281 4371 eburnis,
292 4315 401 4375 <stragulo
413 4313 520 4374 aeupioto
530 4329 630 4375 auroque
646 4313 715 4362 inter·
773 4316 830 4362 360.
848 4312 901 4360 Nan
911 4314 1024 4369 timidam,
1042 4309 1099 4373 dra]
1114 4311 1169 4358 Non
1187 4308 1278 4373 aperla-

178 4385 244 4428 tsxto
254 4386 338 4428 tectus.
743 4381 810 4426 batur
820 4379 932 4437 flammeo,
947 4379 1000 4426 velo
1009 4378 1080 4434 luteo,
1091 4391 1133 4424 seu
1143 4377 1223 4436 rubro,
1234 4390 1280 4440 quo
