2784 4860
141 348 208 414 662
457 342 948 411 SUPPLEMEN'I'UM

142 518 278 583 Exemit
292 519 398 583 virtus
414 520 504 583 curis
526 519 738 593 mortalibus,
754 518 824 581 alto

141 628 189 692 Ut
199 628 317 711 jaceat
331 646 451 691 somno
466 645 670 710 oppressus:
693 628 755 691 sed
769 628 877 691 libera
890 626 1016 693 mentis

139 739 256 821 Erigat
270 745 308 803 ut
322 760 359 803 se
370 740 434 816 vis,
450 740 762 821 contemplatorque
776 738 889 802 futura
1023 770 1028 779 ·

139 849 287 926 Saecula,
303 854 337 913 et
356 854 501 943 aeternos
516 849 597 911 vitae
612 849 811 913 immortalis
825 848 973 913 honoros

182 959 271 1023 Ante
292 966 405 1022 tamen
425 959 684 1041 contemplatrix
699 979 803 1042 quam·
822 944 1091 1040 cognatam

139 1070 287 1135 Scrutari
301 1071 412 1152 possit
427 1069 578 1151 Sophiae,
594 1071 780 1133 moralibus
792 1074 871 1152 apte

140 1181 327 1263 Praeceptis
339 1180 515 1264 purganda
529 1180 643 1242 anima
663 1184 733 1258 est3
755 1179 851 1261 prius
866 1176 1028 1261 ejiciendi

139 1290 292 1355 Affectus
309 1291 417 1373 pravi,
440 1294 640 1371 cunctaeque
661 1310 681 1352 e
702 1294 842 1371 pectore
856 1287 989 1366 sordes,
1033 1272 1038 1279 ¹

141 1401 198 1465 Ira
211 1420 351 1477 nocens,
367 1406 401 1463 et
414 1400 576 1477 luxuries,
597 1406 632 1462 et
645 1400 740 1465 soeda
753 1400 872 1463 libido.

140 1511 219 1575 Hos
233 1513 333 1593 igitur
344 1517 455 1575 motus
471 1512 575 1573 animi
596 1509 793 1594 (purgantia
804 1498 896 1573 sicut

140 1620 302 1705 Corporis
317 1621 474 1685 humores
489 1640 614 1703 pravos
628 1619 855 1684 medicamina
868 1616 1009 1711 tollunt)

140 1722 284 1797 Moralis
300 1734 399 1816 plene
415 1732 539 1797 educat
553 1731 738 1805 Medicina,
761 1730 963 1812 priusquam

139 1841 313 1919 Divinum,
330 1861 564 1923 summumque
578 1842 705 1904 bonum
719 1840 901 1903 scrutarier
914 1858 1002 1905 ausa

138 1951 193 2016 sit
207 1953 480 2036 contemplando,
496 1970 538 2015 ne
554 1951 670 2014 densis
685 1968 805 2033 pressa
818 1948 968 2014 tenebris

139 2061 240 2126 Mens
255 2068 341 2137 erret
356 2067 513 2138 caecaet
525 2061 618 2124 vitiis
630 2061 776 2144 decepta
788 2058 939 2124 fatiscat.

139 2171 198 2236 Sic
214 2173 316 2254 longa
330 2174 452 2236 virtute
467 2172 532 2234 fuit
551 2190 647 2233 mens
662 2176 782 2235 sancta
796 2169 939 2235 Catonis

139 2282 307 2366 Purgata3
330 2289 432 2366 atque
447 2284 497 2345 illi
512 2283 592 2346 vitre
607 2282 806 2346 immortalis
821 2280 984 2345 honorem

137 2394 161 2458 J
163 2416 218 2460 am
233 2393 475 2478 contemplanti
490 2394 596 2458 divini
610 2393 683 2458 fata
696 2392 852 2457 Platonis

140 2506 348 2572 Phaedonem
362 2507 508 2571 tradunt.
524 2526 601 2570 cum
615 2508 715 2570 laetus
728 2503 813 2567 talia
827 2502 928 2567 fatur.
983 2512 986 2517 '

139 2618 241 2684 Salve
258 2624 374 2683 sancte
388 2618 474 2681 liber
488 2617 630 2700 Superis
645 2615 793 2680 demisse
808 2614 950 2697 Catoni3

140 2727 257 2810 Dirige
272 2732 309 2790 tu
324 2747 471 2803 cursum,
486 2727 636 2810 vitaeque
650 2731 803 2790 extrema
816 2727 961 2791 meantis

140 2837 293 2916 Instrue;
316 2858 384 2902 non
399 2837 502 2901 alium
516 2838 697 2902 moriturus
712 2857 829 2920 quaero
843 2838 1068 2921 magistrante

139 2946 217 3012 Nec
231 2953 355 3011 restare
371 2948 457 3010 alias
470 2947 648 3011 voluerunt
662 2947 813 3012 Numina
826 2950 939 3014 curas'.
965 3026 968 3031 Ι

138 3058 285 3141 Jamque
300 3060 384 3122 mori
398 3064 490 3122 certo
505 3059 608 3122 liceat
626 3058 709 3121 mihi
725 3058 868 3135 discere,
882 3058 972 3141 quid·
981 3060 1030 3125 sit

140 3168 248 3244 MorS,
265 3167 347 3249 quid
361 3168 433 3230 vita
446 3166 521 3242 fuit,
538 3169 621 3249 quid
635 3169 717 3250 erit3
738 3186 820 3231 num
833 3168 928 3233 nulla
939 3168 1054 3235 sutum
1066 3178 1143 3254 0883

139 3277 325 3342 Anvivant
340 3278 553 3359 animaepost
565 3278 702 3358 funera3
724 3280 866 3361 proemia
875 3279 980 3363 justis
1033 3340 1036 3345 .
1199 3270 1203 3277 ’

140 3388 228 3469 Quae
243 3392 384 3452 restent:
408 3409 486 3470 quae
502 3388 688 3472 sacrilegos
703 3391 856 3455 vindicta
868 3391 1030 3457 manebit.

189 3504 281 3567 Dum
296 3501 549 3583 contemplatur,
563 3500 680 3564 nantis
693 3520 727 3565 so
741 3502 847 3568 libera
862 3480 953 3568 tollit
1014 3506 1020 3523 ”

139 3615 209 3680 Nec
225 3614 362 3678 turbato
376 3614 473 3690 acies,
494 3613 732 3696 abswactoque
745 3616 884 3697 corpore
895 3615 984 3681 vim
1110 3644 1113 3649 ·

140 3725 302 3790 Exercere
317 3745 394 3788 suos
409 3723 581 3788 contendit
588 3724 852 3806 purafocultaa
876 3758 886 3765 -
987 3758 991 3763 ·

145 3836 239 3900 Tunc
252 3835 397 3899 volitans
410 3835 536 3900 acoleo
545 3836 644 3918 petit,
658 3816 856 3920 nimiumque
868 3818 1009 3903 remota

140 3948 172 4013 A
189 3948 296 4024 terro,
311 3969 375 4030 quo
390 3968 457 4011 ooo
471 3947 569 4026 oculi,
583 3968 652 4012 noo
665 3968 797 4034 orqaao
808 3968 922 4014 senaa

144 4059 305 4144 Corporei
314 4065 492 4141 penetrare
506 4058 629 4138 volem,
635 4059 809 4144 fulyeatio
822 4058 898 4125 coeli

145 4172 299 4256 Corpora
312 4177 484 4237 scrutator
492 4193 508 4250 ,·
532 4191 591 4236 aec
606 4171 652 4237 ors
665 4177 831 4250 contenta,
846 4169 993 4256 requini

140 4280 471 4367 Splendorissootem
484 4283 606 4364 cucco,
622 4282 766 4369 mamae
780 4282 910 4351 mulum
955 4344 958 4349 .
