2784 4860
150 340 216 407 584
451 346 947 421 SUPPLEMENTUM
1073 382 1077 391 ·

150 514 288 580 Robore
303 516 433 583 militiae
448 519 604 603 Lilybaeo
618 522 654 585 in
667 523 779 588 littore
793 523 925 589 Caesar.

149 624 226 690 Nec
243 627 285 691 de
301 649 394 693 more
410 649 473 694 suo
488 631 626 696 dederat
646 634 807 699 mandatu
820 635 950 700 relictis

10 796 14 801 .
149 735 318 802 Militibus
335 760 403 821 quo
419 742 631 819 conveniant,
647 763 725 825 quae
741 745 839 826 signa
853 746 1054 828 sequantur,

149 845 301 926 Quemve
316 855 433 933 petant
446 856 591 933 portum,
606 852 803 935 permittens
817 853 933 917 omniu
945 852 1041 931 fatis,

149 956 375 1042 Fortunaeque
390 980 462 1024 suae
477 961 596 1024 fidens.
620 960 699 1040 Cur,
715 961 834 1026 Caesar
847 962 976 1046 inique,

148 1066 182 1130 N
184 1088 228 1132 on
242 1070 348 1152 pudet
361 1071 396 1133 in
410 1071 559 1133 minimis
573 1072 674 1135 toties
689 1072 814 1135 instare
828 1070 941 1135 favori

147 1177 316 1257 Fortunae,
333 1187 367 1245 et
380 1182 480 1245 toties
497 1201 598 1245 casus
613 1186 740 1245 tentare
756 1200 817 1262 per
832 1162 975 1243 amnesi

146 1287 227 1352 Non
240 1290 303 1353 tibi
318 1296 372 1354 sat
385 1290 497 1355 visum
511 1295 574 1368 est,
589 1291 681 1354 bello
696 1288 790 1372 quod
804 1308 939 1372 semper
952 1296 1077 1373 aperto

146 1396 218 1463 Res
233 1401 303 1482 agit
315 1401 376 1465 illa
389 1407 478 1479 tuas,
493 1407 528 1465 et
540 1406 653 1466 tantos
668 1400 807 1465 conficit
820 1401 937 1465 hoster

145 1507 232 1574 Cum
245 1511 348 1593 plena
362 1532 494 1594 pugnas
509 1512 596 1590 acie,
609 1513 683 1576 sine
697 1513 803 1577 milite
817 1512 854 1577 ni
867 1516 902 1575 te

145 1619 315 1705 Protegat,
331 1629 365 1688 et
378 1630 438 1687 tua
451 1624 665 1707 prospiciens
680 1621 858 1688 temeraria
872 1625 987 1705 coepta

144 1730 278 1814 Dirigot
291 1733 327 1795 in
341 1733 473 1811 melius,
491 1734 600 1798 Ducis
615 1734 854 1818 objectumque
868 1730 1007 1815 periclis

143 1840 292 1907 Privatis
307 1845 410 1907 toties
423 1843 568 1908 redimat
582 1843 711 1927 caputl
734 1862 780 1905 an
792 1841 856 1905 tibi
869 1858 1014 1924 parvm
1027 1846 1086 1907 est

142 1951 310 2035 Effugisse
326 1952 921 2037 Phari·insidias,pervequeoa1inu
948 2012 970 2023 ,,
995 1962 1001 1973 “
1024 1968 1028 1977 “

143 2062 312 2128 Nocturni
326 2068 434 2127 tutmn
448 2065 576 2129 vicisse
590 2063 744 2147 periculo
758 2061 880 2145 ponti-l
957 2122 972 2133 ,,
1082 2084 1086 2091 ·

142 2171 211 2237 Cur
225 2174 337 2252 Divae,
354 2175 532 2258 imperium
544 2175 608 2239 tibi
622 2194 700 2257 quae
715 2172 908 2257 promiserit
920 2172 1027 2251 oriris,
1140 2188 1146 2193 '
1206 2192 1212 2201 ·

142 2282 288 2349 Casibus
303 2286 436 2367 exiguis
450 2285 638 2369 pretiosum
653 2283 806 2351 absumis
819 2284 1002 2355 amount·

184 2394 373 2481 Postquam
387 2395 565 2460 Adrumeti
578 2394 703 2461 frustra
717 2392 1054 2478 corrumpentium
1176 2412 1191 2461 .'

142 2504 346 2584 Considium,
361 2507 421 2590 qui
436 2506 609 2590 Scipiadae
624 2510 818 2572 servaverat
830 2505 968 2575 uben..

141 2615 330 2693 Praesidiis,
346 2615 464 2680 Caesar
477 2620 675 2694 tentaverat}
691 2615 809 2681 ordine
823 2619 929 2692 certo,
952 2700 958 2707 ·
981 2628 986 2637 ·

142 2726 378 2810 instructaque
392 2726 479 2789 redit
493 2726 638 2806 legione,
652 2744 717 2791 nec
731 2727 814 2791 mbo
823 2725 945 2810 potiri,
969 2756 974 2797 :

142 2837 211 2902 Sed
224 2842 297 2902 tuto
311 2856 460 2903 remeare
477 2837 583 2920 cupit.
606 2837 676 2901 Sed
689 2838 751 2903 vix
765 2836 850 2920 fuga
860 2841 956 2907 tanto
973 2872 978 2883 ·

142 2949 379 3032 Induperatori
392 2967 559 3013 concessa
573 2954 626 3013 est
639 2954 733 3015 tuto:
755 2949 949 3033 mouentes
967 3000 970 3013 .

141 3057 287 3123 Confidii
302 3064 480 3142 erumpunt
495 3058 649 3142 Equites,
664 3058 1082 3143 atque-agutuernrbmt
1146 3104 1150 3111 ·

140 3168 347 3253 Summaque
363 3170 526 3235 Ductoris
540 3170 617 3235 laus
631 3175 695 3248 est,
710 3176 745 3236 et
759 3170 897 3239 Cortum
909 3169 1018 3253 urguo

141 3279 356 3365 Rhuspinam
370 3280 476 3345 salvis
490 3279 644 3363 potuisse
658 3281 768 3345 redire
783 3282 958 3354 server

141 3393 225 3457 Sola
238 3393 340 3456 urbes
356 3393 440 3456 inter
455 3391 691 3476 Libycas'jam
705 3390 950 3469 (ἔκπωμ-

141 3502 337 3584 Perfugium
351 3503 443 3567 tenui
458 3506 563 3565 restat
577 3500 760 3585 Rbuspino
774 3501 917 3567 cohorti.

141 3614 234 3676 Hinc
248 3614 369 3677 iterum
384 3612 516 3676 Ductor
530 3612 611 3677 fatis
625 3630 783 3696 egressus
797 3611 927 3677 eisdem
955 3632 958 3637 ·
982 3634 985 3639 ·

140 3724 232 3787 Dum
247 3725 339 3807 cepit
353 3722 499 3806 Leptim,
514 3728 550 3787 et
563 3722 709 3788 firmavit
721 3723 861 3800 robore.
871 3742 972 3807 prens

139 3833 264 3897 Amisit
277 3852 392 3898 rursus
408 3832 563 3897 reditum.
587 3832 760 3899 Labienus
774 3832 811 3897 in
825 3832 929 3899 armis
975 3856 978 3861 ·
999 3852 1003 3859 ·
1135 3900 1140 3907 ,

138 3943 229 4008 Acer
243 3950 324 4020 erat,
340 3943 532 4026 validisque
546 3943 623 4009 vias
637 3944 859 4029 praecluserat
872 3962 991 4023 omnes

139 4052 289 4119 Insidiis.
312 4054 446 4119 Virtute
461 4074 550 4138 opus
564 4060 629 4133 est,
643 4059 678 4121 et
692 4053 830 4121 Caesare
844 4059 930 4121 toto.
949 4076 954 4087 ¹

139 4165 356 4250 Fortrnraque
371 4165 446 4250 ejus
461 4186 595 4233 summe
604 4166 681 4252 jam
695 4171 830 4252 tempus
844 4168 978 4253 egebat.

140 4275 184 4342 Et
198 4275 311 4372 vicere
325 4276 389 4343 viri
403 4277 522 4358 virtus,
538 4277 751 4363 formaque.
770 4277 859 4345 vise
