2784 4860
298 353 773 438 ‚mmmmm
815 297 1028 434 araur.
1163 358 1253 470 242
1336 394 1344 399 ·

123 530 313 595 Obscuram
328 529 369 610 ing
378 530 514 594 nubem.
530 530 592 594 tali
611 532 795 613 spiramine
818 532 925 610 Nesis
1183 533 1235 615 90,

120 641 253 706 Emittit
265 641 422 725 Stygium
441 643 617 707 nebulosis
631 662 713 728 *aera
727 645 835 723 saxis,
1245 647 1253 656 ’

118 751 296 836 Antraque
312 753 435 817 letiferi
450 753 581 816 rabiem
595 752 773 836 Typhonis
793 756 969 835 anbelant.·

119 862 206 928 Inde
221 864 340 928 labant
354 864 488 947 populi,
503 865 662 946 coeloque
686 867 837 948 paratior
851 867 945 932 unda

120 975 229 1040 Omne
245 976 318 1059 pati
335 977 428 1042 virus
444 975 579 1040 duravit
592 977 726 1062 viscera
741 997 854 1043 ooeno.
1220 1049 1223 1056 ,

116 1086 140 1151 J
142 1107 197 1151 am
211 1089 297 1170 riget
312 1093 385 1152 atra
399 1089 499 1176 eutis,
516 1087 730 1171 distentaque
745 1088 874 1154 lumina
894 1090 1039 1175 rumpit:
1181 1086 1236 1179 95,
1274 1167 1277 1170 Α
1306 1163 1311 1169 ‚

118 1198 293 1281 Igneaque
308 1200 345 1262 in
360 1199 486 1277 vultus,
503 1203 537 1263 et
552 1218 651 1264 sacro
666 1200 798 1264 fervida
811 1202 931 1266 morbo

113 1310 228 1377 Pestis
240 1312 322 1387 abit,
338 1310 535 1394 fessumque
551 1316 657 1395 caput
671 1331 708 1376 se
727 1311 812 1376 ferre
827 1318 975 1379 recusat.
1027 1315 1028 1318 ’
1097 1341 1101 1346 ’

116 1421 198 1486 Jam
212 1423 322 1503 magis
340 1427 442 1505 atque
457 1423 567 1505 magis
583 1443 740 1507 praeceps
758 1425 829 1507 agit
843 1426 959 1491 omnia
971 1423 1116 1516 fatum:x
1219 1438 1224 1449 ²

117 1532 194 1598 Nee
216 1534 321 1597 medii
343 1533 503 1602 dirimunt
517 1535 627 1599 morbi
641 1536 825 1618 vitamque,
840 1556 1048 1619 necemque:
1220 1605 1222 1609 ,
1244 1603 1246 1609 s

114 1643 184 1710 Sed
199 1645 343 1725 languor
358 1665 436 1708 oum
450 1651 557 1710 morte
580 1647 684 1722 venit,
705 1648 872 1730 turbaque
888 1647 1070 1714 cadentum
1156 1644 1224 1712 100

113 1754 229 1824 Aucta
243 1758 329 1834 lues
347 1756 428 1819 dum
443 1757 674 1840 mistajaeent
688 1757 863 1828 incondita
877 1759 968 1824 vivis
1236 1760 1238 1767 ’

115 1865 290 1951 Corpora:
313 1887 393 1931 nam
414 1868 558 1933 miseros
574 1868 662 1932 ultra
675 1869 822 1940 tentoria
831 1854 933 1946 eires
956 1931 958 1934 .
1011 1945 1014 1949 ,
1103 1931 1106 1937 .
1124 1935 1127 1938 ,

115 1980 283 2063 Spargere
298 1980 399 2044 sunus
420 1984 502 2044 erat.
517 1987 631 2043 tamen
652 1979 716 2041 hos
731 1980 881 2044 minuere
896 1972 1035 2046 labores

114 2091 147 2156 A
157 2099 254 2174 tergo
273 2093 430 2176 pelagus,
446 2092 635 2174 pulsusque
650 2088 882 2171 Aquilonibus
906 2110 977 2169 aer,

115 2203 327 2286 Litteraque,
344 2208 377 2266 et
395 2203 507 2285 plenae
525 2200 703 2285 peregrina
716 2218 829 2263 messe
845 2201 982 2266 carinae.
1157 2203 1227 2270 105

155 2313 204 2379 At
218 2315 304 2379 liber
319 2319 416 2378 terrae
433 2312 597 2396 spatiosis
624 2310 771 2376 collibus
793 2310 903 2379 hostis

111 2425 203 2495 Aere
218 2445 287 2489 non
301 2426 413 2508 pigro,
427 2444 491 2488 nec
507 2422 671 2515 inertibus
693 2423 825 2506 angitur
839 2424 959 2493 undis:

156 2611 287 2664 9010004.
354 2611 541 2662 stabeletate.
616 2612 647 2660 95
660 2619 731 2658 urata
805 2615 853 2660 100
859 2620 989 2674 peremtum.
1054 2615 1102 2660 101
1112 2612 1178 2660 Aeta.

333 2681 379 2724 101
391 2685 490 2725 moueat.
570 2712 573 2714 .
620 2676 741 2725 102duur.
872 2679 1000 2724 10204110.

110 2842 180 2901 ligius
190 2843 255 2890 terris
266 2841 364 2889 Pressit:
375 2850 397 2889 et
407 2843 497 2905 {graues
507 2841 601 2888 inclusit
607 2857 651 2887 uu-
677 2841 766 2889 latentis
777 2840 893 2890 Iudicium
901 2844 971 2891 rubor
981 2852 1012 2890 est
1027 2851 1048 2890 et
1059 2843 1141 2891 duetus
1149 2843 1220 2893 0010·

109 2905 651 2968 1100101100.00111.7.Μο1001.80ος0001101
677 2907 731 2954 litus
748 2909 806 2971 igni,
826 2906 869 2957 &a
885 2917 908 2959 et
926 2924 986 2974 egro
1003 2908 1081 2956 Rubor
1099 2911 1125 2957 r‘u
1142 2909 1219 2970 aueo,

109 2982 159 3020 ster
173 2973 265 3019 10044001
281 2973 347 3019 terris
363 2986 440 3032 uapor,
454 2971 499 3019 &a
519 2971 573 3019 Seu.
594 2971 650 3018 OEd.
677 2971 721 3018 &a
738 2973 792 3020 Ser.
809 2973 864 3020 OEd.
881 2973 948 3021 Sacro
956 2974 1061 3038 feruida,
1076 2968 1135 3037 dra]
1152 2977 1218 3024 Exe-

110 3036 176 3084 luers
187 3037 275 3094 celum,
288 3036 344 3098 Sta]
362 3038 416 3084 Non
427 3042 510 3089 motus.
677 3039 761 3084 oranda
777 3047 853 3099 peste,
871 3039 906 3085 uel
925 3054 990 3085 saoro
1008 3039 1071 3100 igne,
1086 3040 1217 3101 Erysipale.

143 3105 182 3152 90.
199 3096 345 3163 spiramine]
373 3101 534 3148 Exhalatione.
564 3099 650 3164 Nesis}
677 3103 1217 3166 00010ήαί00101000110003010000100111,

109 3169 158 3214 lus.
177 3166 201 3212 in
218 3170 334 3227 Campano
354 3166 441 3213 littore.
461 3181 529 3226 quam
545 3165 651 3227 agnoseit
676 3167 869 3228 pestisoornitem
879 3169 1070 3216 addiscentis.
1082 3172 1106 3217 ⁵.
1156 3200 1169 3210 =

111 3232 175 3279 Plio.
185 3232 226 3280 lib.
239 3237 277 3281 19.
289 3247 340 3292 cap.
353 3236 376 3281 8.
388 3231 439 3278 010.
456 3231 485 3278 sd
500 3231 571 3278 Attio.
581 3231 650 3292 saepi·
709 3235 749 3280 97.
767 3232 902 3294 Fessumque
910 3243 987 3295 raptu,
996 3232 1055 3296 &o.]
1072 3235 1126 3283 Proe
1133 3249 1217 3296 grass·

109 3313 146 3343 us.
158 3305 182 3344 et
193 3297 282 3344 Statius
293 3299 317 3343 3.
333 3297 392 3355 sylr.
405 3296 445 3343 alii
456 3296 506 3358 leg.
526 3293 616 3353 Nessus
627 3304 651 3344 et
676 3296 730 3344 dine
740 3313 765 3345 se
776 3312 820 3344 non
831 3299 935 3346 susbnet.
1076 3316 1078 3324 ’

109 3362 142 3408 de
150 3362 231 3409 Ozolis
242 3361 379 3419 intelligunt.
710 3364 749 3410 98.
767 3361 925 3425 Praeoepsugit
933 3362 1100 3440 omniafrustra:
1113 3360 1218 3412 Nesme-

143 3429 183 3476 91.
193 3426 306 3492 Stygr'um‚
312 3424 369 3488 010]
379 3426 483 3483 Tenum,
490 3425 608 3488 lethalem,
614 3425 651 3472 in-
676 3427 717 3484 dii,
730 3425 787 3491 &o.]
804 3428 886 3474 Subita
902 3444 972 3486 mors,
989 3444 1032 3477 vrx
1047 3430 1128 3476 morbo
1144 3429 1218 3478 inter·

109 3491 207 3540 fernum.
676 3493 783 3540 veniente
794 3493 850 3540 vite
861 3495 966 3554 usuique.
1035 3520 1037 3522 v
1152 3526 1154 3530 -

143 3560 183 3608 92.
200 3556 315 3618 Antraque
331 3554 426 3619 letiferi,
444 3554 502 3618 dte]
528 3554 650 3615 Spelunese
709 3560 765 3604 100.
784 3556 903 3618 Turbaque
916 3559 1034 3606 cadentum
1050 3558 1127 3606 Aucta
1147 3559 1221 3625 lues]-

108 3623 223 3670 Insr'nnes
244 3621 326 3669 insulae
347 3620 453 3682 impostae
473 3620 588 3685 Typhoep,
609 3620 650 3682 qui
676 3621 730 3679 Quo
741 3623 821 3683 plures
829 3623 995 3681 moriebantur,
1004 3639 1033 3670 eo
1041 3623 1217 3686 saeviebatpes·

108 3687 225 3735 sulfureos
241 3694 310 3746 atque
328 3687 451 3747 pestiferos
468 3700 567 3745 vapores
584 3687 650 3732 emit-
675 3686 1006 3752 tileraluesmagisaomaqis.
1018 3687 1085 3735 Hert.
1098 3685 1217 3752 Turbaque

108 3759 159 3801 tere
171 3752 264 3798 dieitur.
277 3752 319 3798 lib.
330 3755 353 3801 5.
371 3767 406 3798 vs.
420 3754 475 3797 101.
494 3755 518 3796 et
533 3750 597 3797 Mela
607 3751 649 3798 lib.
675 3753 802 3809 ardentum,
810 3751 868 3815 dra]
880 3749 994 3800 Ooesarex
1002 3753 1107 3814 perfugis
1118 3768 1216 3814 eognos-

110 3821 134 3865 1.
147 3833 199 3879 asp.
211 3821 251 3865 13.
676 3815 752 3880 rebat,
763 3833 835 3878 equos
846 3833 926 3864 eorum
938 3816 980 3864 rix
988 3817 1091 3876 tolerari,
1096 3816 1141 3867 &a
1149 3819 1215 3880 ipsos

144 3884 184 3933 93.
204 3881 279 3936 Ursule,
291 3878 347 3943 dra]
367 3877 456 3927 Corutat
466 3887 487 3927 et
497 3879 604 3945 insontes
617 3881 650 3927 ui·
675 3880 808 3929 valetudine
829 3898 874 3929 non
889 3884 957 3937 bona,
974 3897 1027 3928 oum
1043 3883 1158 3943 snguuiis
1168 3884 1219 3931 1001

109 3948 257 3996 tiumuenisse
269 3946 382 4006 acusque.
560 3982 562 3987 ,
676 3953 699 3992 et
711 3946 782 3992 odore
793 3953 853 3993 tetro
865 3951 889 3993 et
905 3947 1051 3997 multitudine
1066 3949 1221 4007 cadaverum·

143 4016 184 4062 94.
202 4011 304 4067 Duravit
321 4011 403 4058 0110040
420 4007 499 4070 cam]
524 4008 651 4056 Obstruxit
675 4017 732 4067 trun,
744 4008 788 4058 &a
800 4013 824 4058 3.
836 4026 895 4057 com.
1217 4055 1221 4063 ,
1278 4017 1280 4021 “

109 4073 507 4136 alvumvtsceratorreoturprimo.
709 4073 868 4131 103..Yamerr
876 4075 921 4132 hos,
933 4073 979 4123 &a
1003 4078 1120 4126 Lerrrunt
1138 4085 1219 4140 tamen

144 4144 184 4193 95.
195 4141 265 4204 Riget
275 4148 327 4186 utra
338 4138 417 4201 cura]
434 4137 490 4185 Aret
501 4136 651 4194 Peltts,etad
675 4146 765 4201 pestem
781 4141 840 4189 hmo
856 4147 940 4188 ventus
990 4141 1062 4191 uteris
1076 4143 1218 4197 stamiriam

111 4218 197 4256 turtum
207 4206 315 4254 aarum
328 4205 388 4250 duro
398 4203 487 4251 resistit.
506 4201 652 4266 numaque
676 4220 752 4252 rerum
764 4207 833 4268 eopia
842 4206 940 4254 nuribus
949 4207 1056 4255 adrsots.

111 4274 201 4320 lumino
209 4267 316 4332 rumpit]
334 4267 393 4316 Tum
405 4283 457 4316 uero
468 4267 569 4315 ardentm
585 4268 652 4326 00011,
709 4273 765 4318 106.
782 4272 814 4319 At
824 4271 962 4330 liberter-ra,
971 4270 1030 4335 bro]
1046 4273 1125 4320 Cesar
1136 4278 1213 4321 sutem

85 4361 90 4370 ·
112 4335 356 4386 ettamestdistertae
369 4333 563 4396 sauguinegenoe.
675 4343 840 4399 nonpesteex
855 4335 916 4384 seris
931 4342 971 4384 ast
987 4351 1053 4398 sque
1070 4337 1219 4401 sonegium,
1280 4342 1285 4346 “

147 4405 187 4454 96.
205 4397 318 4468 {gruaqru
335 4401 362 4448 io
382 4397 480 4476 m]
504 4397 652 4530 Fumone?
677 4399 838 4452 sedbumenti
849 4401 929 4465 inopis
939 4401 1065 4457 ubonut.
1110 4460 1112 4465 ,
1179 4464 1182 4468 ,

340 4501 346 4515 1
592 4481 616 4529 K
718 4529 729 4538 ⁸
