2784 4860
135 353 230 432 jussit
245 357 421 434 integrum,
433 355 530 416 statim
544 354 583 416 ab
594 357 705 418 eisdem
719 355 941 437 percussoribus
956 353 1090 437 Pompeii
1103 354 1241 418 obsessus

141 460 172 521 in
186 463 277 540 regia,
300 462 434 540 quamvis
448 462 556 539 exigua
566 483 663 535 manu,
678 464 804 542 ingentis
819 464 966 523 exercitus
977 465 1083 524 molem
1095 464 1170 523 mira
1182 465 1242 522 vir·

141 572 207 626 tute
222 567 371 626 sustinuit.
414 569 461 626 Ac
484 568 610 646 primum
625 564 818 628 aedificior‘um
833 570 1032 648 proximorum
1050 578 1140 646 atque
1153 589 1241 628 nava·

138 670 213 737 lium
229 671 380 749 incendio,
403 671 576 731 infestorum
591 673 719 733 hostiurn
735 674 793 733 tela
814 675 980 735 submovit:
1004 694 1072 733 mox
1092 675 1122 732 in
1136 674 1241 752 penin-

140 775 236 834 sulam
252 777 375 836 Pharon
389 778 503 837 subitus
517 779 627 839 evasit:
649 778 718 837 inde
732 779 872 858 depulsus
893 780 923 837 in
938 778 1038 850 maria,
1060 778 1133 838 mira
1147 777 1241 837 felici·

141 889 204 941 tate
218 882 256 941 ad
278 883 442 961 proximam
462 885 584 944 classem
607 887 749 963 enatavit,
770 887 875 946 relicto
899 887 1029 964 quidem,
1052 886 1081 944 in
1100 884 1240 950 fluctibus

141 976 367 1066 paludamento,
384 1011 436 1050 seu
449 990 523 1062 fato,
546 1011 597 1051 seu
609 993 743 1063 consilio,
754 1000 786 1050 ut
800 991 870 1051 illud
891 992 1093 1070 ingruentibus
1108 991 1240 1051 bostium

140 1093 207 1156 telis
222 1095 357 1175 saxisque
371 1104 532 1174 peteretur.
573 1097 709 1157 Tandem
723 1106 862 1176 receptus
884 1097 1047 1156 aclassicis
1063 1096 1132 1168 suis,
1155 1097 1240 1156 undi-

139 1220 200 1278 que
211 1179 297 1260 simul
311 1201 409 1261 hostes
422 1202 555 1280 adortus,
572 1202 610 1262 de
623 1203 735 1263 imbelli
746 1221 782 1262 ac
795 1201 910 1281 perfida
924 1212 1020 1281 gente,
1039 1180 1124 1280 justa
1137 1204 1241 1283 generi

141 1305 280 1372 manibus
301 1305 395 1367 dedit.
437 1308 559 1386 Quippe
583 1315 613 1368 et
640 1308 817 1368 Theodotus
840 1308 988 1386 magister,
1018 1318 1123 1368 auctor
1148 1311 1239 1368 totius

141 1409 219 1481 belh,
241 1419 323 1472 etue
337 1412 431 1473 virilia
445 1413 567 1491 quidem
589 1422 737 1493 portenta,
759 1415 901 1474 Pothinus
927 1422 1018 1494 atque
1037 1416 1240 1494 Ganymedes,

140 1514 250 1577 diversi
265 1537 320 1596 per
341 1529 465 1578 marcet
489 1517 654 1599 transfugio
676 1527 706 1578 et
726 1527 820 1578 morte
836 1519 994 1580 consumti.
1034 1519 1125 1598 Regis
1144 1517 1238 1598 ipsius

139 1639 251 1700 corpus
275 1622 413 1682 obrutum
432 1623 501 1682 limo
515 1632 663 1702 repertum
685 1625 777 1684 estin
799 1643 896 1684 aurea
915 1623 1016 1684 loricae
1038 1624 1159 1683 bonore.
1200 1623 1237 1684 ln

139 1727 212 1788 Asia
227 1748 347 1808 quoque
361 1749 455 1790 novus
467 1751 563 1790 rerum
575 1739 671 1792 motus
684 1751 703 1790 a
714 1732 819 1802 Ponto,
840 1730 928 1808 plane
943 1729 1029 1809 quasi
1043 1729 1081 1790 de
1094 1730 1237 1790 industria

140 1841 280 1912 captante
303 1835 420 1896 fortuna
434 1836 513 1897 huno
532 1836 737 1896 Mithridatico
755 1855 847 1913 regno
866 1835 988 1907 exitum,
1009 1842 1043 1894 ut
1059 1855 1079 1895 a
1093 1835 1237 1914 Pompeio

139 1949 234 2020 pater,
245 1961 264 2000 a
280 1943 397 2001 Caesare
408 1941 485 2002 filius
500 1943 674 2004 vinceretur.
715 1945 780 2002 Rex
793 1941 960 2000 Pharnaces
973 1941 1063 2019 magis
1074 1940 1235 2000 discordiae

139 2052 246 2107 nostrae
261 2045 381 2118 fiducia,
403 2067 491 2126 quam
505 2047 620 2109 virtutis
634 2069 704 2119 sure,
725 2046 831 2128 infesto
844 2046 875 2105 in
889 2044 1111 2124 Cappadociam
1120 2030 1236 2122 agmine
1301 2033 1306 2042 ¹
1337 2045 1341 2058 “

139 2153 255 2213 ruebat.
297 2153 355 2213 Sed
370 2154 450 2214 hunc
464 2156 564 2216 Caesar
578 2174 742 2234 aggressus,
764 2173 834 2224 uno,
854 2160 885 2212 et
904 2155 950 2226 (nt
962 2153 1004 2212 sic
1018 2151 1153 2227 dixerim)
1172 2170 1234 2210 non

137 2264 201 2318 toto
216 2257 320 2338 praelio
335 2259 463 2332 abtrivit,
485 2281 563 2320 more
577 2258 717 2330 fulminis,
739 2258 822 2337 quod
836 2277 894 2316 uno
907 2256 1072 2334 eodemque
1083 2264 1234 2316 momento

126 2365 228 2437 uenit,
238 2366 394 2444 percussit,
405 2365 558 2428 abscessit.
598 2366 665 2426 Nec
677 2382 751 2423 vana
764 2362 843 2422 dese
858 2359 1031 2440 praedicatio
1043 2369 1088 2419 est
1099 2361 1236 2436 Caesaris,¹

138 2477 207 2530 ante
226 2471 337 2530 victum
353 2470 469 2529 hostem
484 2490 559 2549 esse,
581 2489 670 2549 quam
684 2471 787 2531 visum.
831 2467 878 2526 Sic
900 2487 967 2527 cum
988 2466 1107 2526 exteris.
1149 2468 1190 2526 At
1203 2467 1233 2526 iu

139 2574 243 2634 Africa
262 2595 330 2634 cum
350 2575 464 2634 civibus
479 2577 571 2635 multo
592 2575 720 2635 atrocius
735 2593 824 2653 quam
838 2572 869 2631 in
884 2572 1044 2632 Pharsalia.
1085 2571 1154 2630 Huc
1168 2571 1235 2630 reii-

138 2681 223 2760 quias
247 2681 376 2759 partium
398 2679 603 2759 naufragarum
624 2681 743 2761 quidem
766 2679 872 2738 furoris
892 2686 981 2737 aestus
1003 2676 1175 2754 expulerat:
1195 2696 1233 2735 ne

139 2787 277 2867 reliquias
299 2787 423 2858 diceres,
446 2787 498 2846 sed
521 2787 666 2866 integrum
687 2785 797 2846 bellum
819 2784 929 2860 sparse
947 2781 1050 2860 magis,
1070 2801 1158 2860 quam
1178 2767 1235 2860 opss

139 2912 248 2972 pressae
259 2893 335 2952 vires
349 2901 441 2953 erant.
471 2895 603 2952 Auxerat
616 2896 827 2952 sacramentum
840 2889 906 2967 ipsa
916 2887 1232 2966 cladeslmperatoris:

138 3016 192 3057 uec
207 2997 404 3076 degenerabat
425 2997 535 3057 ducum
558 2997 719 3059 successio.
762 2996 881 3074 Quippe
904 2995 972 3055 satis
996 2994 1093 3071 ample
1108 2993 1233 3054 sonabat

135 3102 167 3162 in
186 3102 359 3180 Pompeiani
380 3103 503 3162 nominis
525 3103 634 3174 locum,
668 3103 745 3161 Cato
771 3109 802 3160 ct
829 3100 937 3178 Scipio.
979 3098 1114 3157 Accessit
1136 3097 1232 3177 copiis

138 3207 323 3267 Mauritauus
347 3207 499 3278 rexJuba,
521 3207 660 3266 videlicet
682 3215 716 3266 ut
729 3205 816 3265 latius
842 3206 975 3265 vinceret
997 3204 1125 3274 Caesar.x
1148 3203 1233 3261 Nihil

137 3333 206 3391 ergo
220 3312 294 3371 inter
304 3312 481 3372 Pharsaliam
494 3320 525 3373 et
537 3311 692 3390 Thapson,
714 3311 769 3370 nisi
786 3311 866 3388 quod
882 3309 1015 3387 amplior,
1031 3328 1125 3387 eoque
1136 3307 1233 3366 acrior

138 3418 373 3480 caesarianorum
386 3417 514 3496 impetus
529 3415 595 3491 fuit,
611 3415 824 3496 indignantium
839 3423 910 3494 post
921 3412 1094 3490 Pompeium
1104 3401 1230 3471 crevisse

139 3525 259 3595 bellum,
280 3529 339 3584 &a
