2784 4860
125 352 205 414 enim
217 345 304 431 prius
315 349 462 430 quievere,
475 367 564 429 qoam
577 349 608 410 in
625 350 699 411 urbe
714 348 789 431 ipsa,
807 350 908 414 medio
921 359 1035 427 senatu,
1054 373 1165 428 eorum,
1179 354 1232 434 qui
1300 420 1303 440 ¹

125 457 200 518 victi
208 455 514 528 erant‚odia,victoris
524 476 588 516 sese
597 455 679 517 crede
689 458 840 520 satiarent.
878 460 1074 520 Causatantae
1082 460 1233 523 calamita.

125 563 165 622 tis
180 563 295 639 eadem,
313 578 381 640 quae
404 563 544 635 omnium,
568 544 658 621 nimia
671 561 809 624 felicitas.
851 565 1003 643 Siquidem
1019 566 1232 637 Quinctoltle÷

126 669 202 727 tello
223 676 254 726 et
279 666 374 726 Lucio
401 665 526 726 Afranio
558 667 739 741 consulibus,
763 690 830 730 cum
853 672 986 732 Romana
1005 671 1146 750 majestas
1163 680 1230 733 toto

125 771 199 834 orbe
211 773 346 853 polleret,
370 780 564 850 recentesque
578 773 730 846 victorias,
755 775 898 835 Ponticos
916 785 948 836 et
960 777 1116 837 Armenios
1131 764 1241 837 ῒήϊιωῖ

125 879 203 956 pbos
227 879 258 936 in
280 877 469 955 Pompeianis
489 878 613 964 theatris
629 880 724 938 Roma
738 889 882 952 cantaret,
911 881 1002 942 nimia
1026 881 1159 960 Pompeii
1177 901 1232 960 po·

125 983 218 1043 tentia
238 983 320 1062 apud
341 983 453 1053 otiosos
467 987 513 1059 (ut
528 985 612 1059 solet)
626 983 707 1044 cives
729 987 821 1045 movit
834 986 983 1046 invidiam.
1025 985 1169 1048 Metellus
1189 985 1229 1053 cb

124 1089 311 1150 imminutum
324 1092 423 1172 Cretae
438 1091 628 1168 triumphum,
644 1091 722 1148 Cato
737 1090 876 1149 adversus
889 1096 1025 1168 potentes
1040 1110 1155 1170 semper
1177 1089 1232 1150 ot»

125 1195 236 1274 liquus,
265 1197 433 1256 detrectare
466 1182 656 1277 Pompeium,
686 1196 820 1273 actisque
847 1197 913 1274 ejus
944 1198 1126 1274 obstrepere.
1168 1194 1229 1282 llic

125 1301 213 1360 dolor
235 1310 433 1367 transversum
448 1303 518 1382 egit,
539 1313 570 1363 et
593 1303 630 1362 ad
647 1299 784 1380 praesidia
798 1299 936 1378 dignitati
958 1300 1088 1379 paranda
1102 1299 1230 1378 impulit.

125 1407 214 1480 Forte
228 1414 300 1466 tunc
316 1409 441 1467 Crassus
456 1428 572 1485 genere,
585 1407 704 1478 divitiis,
719 1406 862 1485 dignitate
877 1406 1012 1479 florebat,
1027 1404 1117 1466 vellet
1130 1412 1229 1467 tamen

124 1512 272 1572 auctiores
287 1532 368 1591 opes.
410 1514 501 1579 Caius
516 1516 617 1573 Caesar
630 1513 811 1590 eloquentia,
827 1523 858 1571 et
873 1514 986 1590 spiritu,
1002 1513 1108 1590 etjam
1120 1530 1228 1571 consu-

124 1615 186 1675 latu
218 1616 410 1678 allevabatur.
453 1618 612 1695 Pompeius
641 1608 739 1676 tamen
776 1637 866 1697 super
889 1626 1046 1696 utrumque
1067 1616 1227 1676 eminebat.
1266 1602 1268 1607 ’

125 1722 177 1783 Sic
203 1722 294 1801 igitur
318 1723 437 1783 Caesare
459 1720 632 1802 dignitatem
661 1744 842 1805 comparare,
872 1725 982 1783 Crasso
997 1720 1116 1802 aligera,
1141 1723 1230 1782 Poma

124 1826 194 1906 peio
209 1826 333 1887 retinere
349 1827 546 1906 cupientibus,
561 1828 757 1909 omnibusque
769 1830 879 1909 pariter
891 1828 1032 1907 potentiae
1047 1825 1174 1905 cupidis,
1188 1825 1227 1885 dc

123 1932 292 1993 invadenda
317 1933 398 2011 Rep.
423 1930 511 1991 facile
537 1934 686 1994 convenit.
728 1937 808 2014 Ergo
830 1954 896 1994 cum
923 1933 1033 1992 mutuis
1056 1931 1169 1991 viribus
1196 1930 1227 1988 iu
1292 1947 1294 1950 ’

124 2056 211 2096 suum
236 2036 362 2114 quisque
384 2037 475 2096 decus
500 2038 651 2109 niteretur,
675 2041 803 2101 Galliam
829 2042 930 2121 Caesar
951 2038 1073 2110 invadit,
1100 2037 1226 2097 Crassus
1306 2047 1312 2070 ⁴

122 2141 235 2212 Asiam,
251 2141 411 2219 Pompeius
430 2143 613 2221 Hispaniam,
629 2152 689 2206 tres
703 2146 843 2207 maximos
857 2144 1023 2205 exercitus:
1045 2151 1077 2202 et
1097 2141 1163 2219 jam
1183 2141 1226 2200 sio

120 2246 202 2308 orbis
227 2246 392 2325 imperium,
424 2248 565 2308 societate
594 2249 683 2310 trium
703 2251 870 2331 principum
893 2249 1068 2327 occupatur.
1109 2249 1225 2308 Decem

121 2371 215 2412 annos
231 2353 321 2412 traxit
335 2353 393 2413 ista
415 2354 593 2416 dominatio.
630 2355 745 2415 Exinde
760 2357 898 2433 quoniam
923 2362 1026 2412 mutuo
1046 2358 1129 2410 metu
1142 2358 1224 2409 tene-

121 2457 242 2531 bantur,
257 2459 358 2519 Crassi
373 2469 465 2520 morte
480 2462 562 2539 apud
585 2462 719 2530 Parthos,
735 2468 766 2518 et
786 2467 880 2518 morte
895 2460 912 2518 J
916 2458 983 2516 uliae
1005 2454 1130 2517 Caesaris
1144 2452 1224 2526 filisa,

119 2583 189 2641 quae
216 2573 309 2642 nupta
326 2565 489 2644 Pompeio,
519 2567 619 2645 generi
645 2564 801 2642 socerique
828 2561 1019 2623 concordiam
1046 2555 1225 2619 matrimonii

119 2670 232 2730 soedere
249 2673 378 2743 tenebat,
394 2673 492 2732 statim
513 2672 661 2732 aemulatio
675 2670 782 2748 erupit.
823 2670 889 2728 lam
910 2664 1054 2743 Pompeio
1073 2669 1228 2741 suspecta
1262 2700 1264 2703 v
1340 2713 1342 2723 ,

120 2775 248 2835 Caesaris
267 2796 349 2854 opes,
377 2786 409 2837 et
433 2778 543 2838 Caesari
570 2776 752 2857 Pompeiana
779 2774 905 2852 dignitas
931 2771 1037 2849 grauis.
1078 2769 1145 2827 Nec
1174 2767 1224 2826 bia

118 2879 235 2940 terebat
261 2899 373 2959 parem,
398 2902 453 2941 nec
478 2881 526 2942 ille
552 2884 741 2961 superiorem.
781 2879 898 2939 Nefas!
922 2877 965 2936 sic
995 2875 1032 2934 de
1051 2873 1222 2953 principatu

117 2983 302 3056 laborabant,
331 2995 481 3070 tanquam¹
496 2987 571 3046 duos
599 2994 682 3046 tanta
712 2984 825 3063 imperii
854 2984 973 3042 fortuna
1003 3001 1063 3039 non
1090 2982 1222 3056 caperet.

118 3074 199 3168 Ergo
221 3088 349 3149 Lentulo
368 3090 575 3169 Marcelloque
598 3091 769 3150 consulibus
785 3097 873 3166 rupta
897 3087 992 3166 prima
1010 3080 1224 3160 conjurationis
1250 3143 1258 3156 ,

118 3170 190 3267 lide,
203 3194 241 3253 de
257 3195 443 3281 successione
461 3195 588 3255 Caesaris
603 3206 724 3256 senatus
738 3196 878 3271 idemque
891 3192 1055 3271 Pompeius
1069 3188 1218 3275 agitabat:

117 3319 173 3360 nec
187 3300 237 3358 ille
251 3301 411 3371 abnuebat,
424 3301 449 3359 si
463 3301 539 3360 ratio
558 3301 603 3360 sui
619 3301 760 3379 proximis
774 3297 930 3357 commitiis
944 3297 1101 3355 baberetur
1114 3311 1222 3351 consu·

115 3404 214 3474 latus;
236 3404 363 3474 absenti,
377 3425 466 3483 quem
475 3407 579 3466 decem
591 3407 711 3476 tribuni,
727 3405 844 3464 favente
859 3401 1003 3480 Pompeio
1014 3418 1108 3478 nuper
1122 3398 1221 3457 decre·

116 3518 229 3582 verant,
249 3517 315 3570 'tum
340 3510 543 3571 dissimulante
565 3512 670 3571 eodem
693 3511 866 3590 negabatur.
907 3508 1040 3578 Veniret,
1058 3514 1088 3564 et
1108 3508 1233 3583 peteret

117 3617 263 3697 majorum
275 3637 379 3677 more.¹
409 3617 464 3676 llle
484 3620 599 3677 contra*
609 3617 743 3696 flagitare
759 3617 888 3686 decreta,
903 3634 939 3673 ac
953 3613 1008 3672 nisi
1028 3612 1057 3670 in
1080 3610 1140 3670 fide
1154 3628 1223 3688 per·

116 3731 280 3802 manerent,
304 3743 366 3782 non
391 3742 422 3781 se
448 3721 640 3790 demissarum
659 3723 830 3783 exercitum.
872 3720 952 3798 Ergo
980 3728 1015 3778 ut
1041 3720 1072 3777 in
1104 3718 1220 3775 bostem

117 3826 299 3888 decernitur.
342 3823 398 3888 His
415 3828 515 3887 Caesar
535 3829 672 3906 agitatus,
693 3827 797 3887 statuit
822 3827 950 3905 praemia·
963 3843 1108 3883 armorum
1132 3821 1219 3880 mmia

115 3930 286 3991 defendere.
330 3931 429 3990 Prima
455 3931 552 3992 civilis
581 3933 652 3993 belli
679 3952 776 4004 arena,
798 3931 884 3990 ltalia
910 3929 985 4000 fuit:
1018 3929 1104 4006 cujus
1135 3945 1221 3986 arces

114 4034 228 4095 levibus
252 4035 397 4115 praesidiis
419 4036 576 4114 Pompeius
595 4036 761 4108 insederam
785 4037 836 4096 sed
862 4035 959 4095 omnia
981 4036 1080 4095 subito
1092 4032 1218 4095 Caesaris

113 4141 228 4219 impetu
253 4160 395 4221 oppressa
409 4150 488 4202 sunt.
529 4143 626 4205 Prima
648 4143 785 4202 Arimino
812 4125 1110 4222 signafcaciuerunt.¹
1141 4139 1219 4198 Tum

114 4246 218 4324 pulsus
242 4247 361 4306 Etruria
385 4245 472 4317 Libo,
496 4246 621 4307 Umbria
642 4247 799 4321 Thermus,
825 4248 973 4311 Domitius
993 4244 1135 4308 Corfinio.
1178 4243 1218 4301 Et
1329 4295 1335 4316 ,

97 4346 266 4428 'peractum
277 4357 344 4412 erat
355 4349 467 4424 ballum
487 4351 551 4414 sine
571 4354 724 4432 sauguine,
746 4353 771 4414 si
790 4355 963 4436 Pompeium
982 4352 1141 4418 Brundusii
1160 4369 1218 4430 op-
