2784 4860
334 335 565 404 clvlnls
610 331 786 400 annul
830 331 942 420 LIB.
980 329 1032 395 X.

139 517 226 581 Fata
240 519 365 591 vetant,
380 511 659 594 muriquevicem
672 511 808 575 fortuma
820 514 943 581 tuetur.

139 627 285 691 Necnon
299 625 476 688 stratibus
489 627 635 687 tentam
649 621 752 702 regia,
772 641 895 704 qna-se

139 736 284 800 Protulit
298 736 333 797 in
346 733 478 797 medios
488 731 617 804 audaci
630 732 779 812 margine
793 731 917 798 linctus
1011 767 1014 772 Δ

139 848 332 939 Luxuriosa
346 844 554 910 domus-sed
569 843 667 907 adest
683 843 845 908 defensor
854 844 981 927 ubique

141 958 269 1033 Caesar,
283 958 394 1020 ethos
410 958 521 1019 aditus
536 955 671 1036 gladiis
686 944 899 1036 hosignibus
914 958 1026 1018 arcet:

141 1069 380 1150 Obsessusque
395 1069 479 1149 gerit
492 1066 603 1152 (tanta
616 1071 670 1136 est
683 1067 876 1130 constantia
888 1064 1028 1151 mentis)
1098 1049 1104 1069 ¹
1123 1116 1129 1123 .

140 1180 377 1264 Expugnantis
388 1198 491 1262 opus.
503 1170 609 1261 piceo
621 1177 720 1262 jubet
724 1165 881 1258 unguine
897 1179 1024 1276 ductas

142 1291 337 1374 Lampadas
353 1282 513 1353 immitti
499 1294 598 1396 Junct
599 1289 628 1356 is
644 1289 680 1350 in
693 1287 785 1351 bella
800 1289 937 1352 carinis.

144 1403 221 1468 Nec
236 1403 331 1485 piger
346 1403 434 1484 ignis
449 1406 521 1464 erat
534 1420 603 1483 per
611 1386 758 1483 stuppea
771 1401 927 1476 vincula,
934 1418 1062 1484 perque

144 1515 288 1579 Manant
274 1519 326 1577 tes
340 1519 446 1578 cerat
432 1513 587 1576 tabulas:
609 1516 644 1574 et
657 1514 808 1592 tempore
824 1510 944 1573 eodem

144 1628 374 1708 'lbanstraque
388 1614 566 1687 nautarum
580 1622 769 1703 summique
784 1640 896 1686 arsere
911 1623 1057 1687 ceruchi.

145 1738 168 1801 J
171 1757 226 1799 am
240 1756 347 1819 prope
363 1738 522 1798 semustae
537 1736 729 1812 merguntur
742 1733 777 1794 in
793 1751 929 1816 aequore
945 1735 1087 1811 classes,

146 1848 293 1928 Jamque
308 1847 435 1921 hostes,
451 1850 485 1906 et
497 1844 568 1906 tela
581 1847 709 1906 natant.
724 1863 788 1907 nec
804 1845 979 1933 puppibus
993 1843 1082 1928 ignis
1151 1865 1158 1874 ⁹

148 1959 309 2023 Incubuit
323 1957 426 2020 solis:
450 1955 512 2019 sed
526 1975 604 2038 quae
618 1952 839 2019 vicinaluere
962 1960 963 1965 ’

148 2069 258 2132 Tecta
271 2068 354 2130 mari
369 2067 480 2148 longis
492 2084 634 2148 rapuere
649 2065 976 2148 vaporibusignem:
1042 2103 1045 2107 <

150 2180 194 2244 Et
209 2180 340 2242 cladem
355 2179 470 2242 fovere
487 2178 582 2255 Noti,
597 2196 828 2261 percussaque
843 2176 979 2241 flamma

149 2289 310 2366 Turbine,
328 2310 396 2352 non
412 2290 481 2352 alio
496 2293 590 2352 motu
604 2294 665 2370 per
678 2268 770 2352 tecta
785 2287 942 2363 cucurrit,

153 2398 267 2476 Quam
282 2401 369 2462 solet
384 2399 522 2462 aetherio
536 2399 671 2481 lampas
686 2398 862 2461 decurrere
877 2397 986 2474 sulco,

215 2547 360 2594 aaronem.
403 2545 545 2607 acosma
556 2524 634 2591 maris
673 2520 814 2592 astraea.
860 2545 1024 2592 rearmatur.
1062 2545 1180 2602 aaaron.

152 2614 344 2671 495summaeque.
387 2616 435 2660 496
443 2626 532 2671 quoqrre.
578 2613 626 2657 496
635 2624 730 2670 equora.
772 2607 897 2656 497Hinc.
931 2611 979 2656 498
987 2607 1104 2655 Incumbit.
1138 2613 1243 2674 498qun.

251 2679 299 2724 499
309 2675 394 2721 crebra.
444 2678 492 2724 499
504 2676 581 2737 ignes:
631 2678 679 2723 500
693 2672 794 2720 Utclad.
843 2676 890 2723 501
902 2681 973 2736 terga.
1024 2675 1148 2740 503ueric.

186 2813 490 2876 stellarumque]
519 2815 617 2862 Caesaris
631 2814 688 2860 For·
714 2828 764 2860 sum
775 2814 830 2866 681.
840 2812 880 2860 lib.
892 2815 916 2861 3.

155 2888 210 2926 tuna
232 2879 336 2924 hostibus
356 2879 442 2925 ademit
461 2879 589 2935 consilinm,
610 2879 689 2940 illique
746 2880 802 2927 493.
818 2877 1120 2944 mammarumque]
1142 2877 1247 2927 Navibus

154 2943 264 3004 praestitit
277 2943 464 2989 incolumitatem.
714 2941 766 3003 qure'
775 2943 879 3002 presidii
889 2957 958 2989 causa
969 2943 1117 2990 tietmarus
1127 2959 1178 2991 ease
1194 2959 1248 2991 con·

188 3011 245 3056 486.
262 3005 356 3054 Necnon
372 3016 392 3054 et
403 3009 488 3054 ratibus
497 3015 597 3055 tentatur
606 3005 688 3070 regia]
715 3013 844 3054 sueverant.
854 3008 923 3053 modo
934 3007 964 3052 ad
974 3024 1010 3055 vs.
1023 3010 1078 3056 486.

155 3072 246 3119 Eodem
262 3078 365 3131 tempore
374 3079 500 3133 pugnatum
512 3079 548 3119 est
559 3074 588 3119 ad
598 3080 691 3134 portum
747 3075 803 3120 493.
822 3071 1023 3146 Stuppcuqiucaln,
1030 3072 1087 3135 ἀι]
1105 3073 1249 3120 Funesnau-

156 3136 397 3199 (iuquitGaesarcom.
410 3154 432 3183 e.
411 3136 447 3198 )
458 3137 513 3183 dum
524 3153 595 3184 naves
609 3137 691 3197 longas
716 3136 774 3182 ticos
786 3142 810 3182 et
818 3136 939 3183 tabulas
915 3151 968 3197 prce
975 3143 1061 3183 unctas
1067 3138 1115 3184 utl.
1123 3139 1186 3184 3..vs
1193 3139 1248 3188 683.

157 3215 271 3258 occupare
280 3201 514 3247 hostesconarentur
509 3217 620 3262 quarum
628 3209 692 3248 erant
749 3201 805 3248 495.
821 3199 946 3262 Summaque
958 3215 1030 3247 arsere
1046 3201 1159 3280 cancta]
1173 3205 1199 3250 01
1216 3217 1250 3247 κι-

158 3265 279 3312 auxiliob
291 3265 368 3310 misere
379 3267 407 3311 ad
417 3266 560 3327 Pompeium,
569 3282 620 3327 qnoe
630 3281 692 3326 proe·
717 3266 793 3328 ςῶχοι,
805 3266 993 3312 cornubabeutas
995 3263 1094 3328 ,ιιιέιις
1110 3275 1134 3313 et
1149 3264 1201 3328 ἔχω
1213 3283 1250 3313 ce-

157 3331 215 3376 lio'
209 3345 232 3376 ιιι
248 3330 367 3376 Thessalia
381 3330 441 3375 lacto
460 3333 552 3376 domum
569 3331 691 3384 redierant,
716 3329 920 3376 rucbusestfunis
934 3331 1028 3386 rudens,
1044 3336 1189 3378 antennarum
1200 3346 1251 3378 oor·

159 3401 244 3454 praeter
261 3393 347 3439 XXII.
365 3401 501 3449 consuetas,
519 3411 570 3455 quae
588 3395 692 3455 praesidii
717 3394 871 3447 unatirmans,
883 3409 981 3454 suasque
996 3395 1103 3457 habens'
1096 3394 1251 3455 rnpnppisan-

159 3473 228 3504 causa
238 3458 384 3504 Alexandriae
391 3474 443 3505 esse
451 3466 617 3506 consueverant
622 3475 693 3520 ;quas
719 3473 764 3512 sas,
781 3459 864 3518 quibus
876 3459 994 3519 religatur.
1010 3459 1050 3505 alii
1064 3459 1128 3519 ipsas
1144 3466 1252 3506 antennas

160 3522 179 3568 si
190 3529 348 3582 occupassent,
357 3524 430 3570 classa
436 3523 536 3570 Caesaris
544 3531 631 3584 erepta,
639 3538 693 3583 por·
719 3521 752 3567 sic
763 3522 838 3569 dictas
848 3523 928 3569 volant
939 3524 1076 3568 acorunbus
1093 3539 1143 3584 quae
1160 3524 1251 3577 babent.

160 3593 209 3631 tum
221 3602 246 3631 ac
258 3599 319 3631 mare
330 3587 490 3633 totuminsua
500 3594 614 3647 potestate
626 3589 693 3634 baba
720 3584 835 3651 Cerambi]
858 3587 949 3634 comm
962 3595 1115 3633 antennarum.
1130 3587 1170 3634 lib.
1181 3588 1204 3635 8.
1217 3605 1251 3636 vs.

160 3657 219 3704 rent,
231 3657 358 3696 commeatu
367 3651 506 3711 auxiliisque
516 3653 630 3698 cesarem
641 3668 694 3712 pro-
720 3654 775 3698 177

161 3715 274 3768 biberent,
285 3713 329 3759 &a
351 3715 441 3771 Quare,
453 3714 509 3776 ἀι]
536 3717 617 3776 Regina
634 3717 694 3762 enim
752 3716 808 3762 497.
827 3712 874 3760 Nec
892 3716 1027 3775 puppibos'
1019 3717 1086 3777 iguis,
1106 3715 1162 3780 ἂι]
1191 3717 1254 3764 Dum
1328 3731 1330 3735 ’

159 3794 214 3839 pam
224 3779 248 3824 in
259 3793 326 3838 qnam
335 3781 413 3825 Caesar
420 3780 539 3826 habitandi
549 3793 618 3826 causa
628 3781 694 3826 initio
720 3779 799 3824 Caesar
812 3787 905 3825 coactus
922 3796 969 3826 sune
987 3779 1054 3826 saluti
1065 3781 1185 3836 consulere
1195 3780 1255 3828 olas·

162 3851 212 3890 erat
222 3842 338 3899 inductus,
349 3844 447 3890 babebat
458 3844 543 3890 aditum
559 3845 588 3890 ad
603 3851 694 3904 portum
720 3859 769 3889 sem
779 3843 886 3889 incendio
899 3844 1038 3901 amoliretur,
1054 3844 1145 3904 longius
1154 3861 1168 3891 a
1177 3846 1254 3893 navali

163 3907 431 3966 etadreliqnanavalia.
442 3910 501 3954 Caes.
512 3924 593 3954 comm.
606 3911 629 3956 3.
720 3913 836 3967 grassatus
862 3908 927 3968 ignes
946 3907 1117 3964 celeberrimam
1136 3909 1257 3957 Ptolemaei

195 3974 251 4018 488.
275 3971 401 4018 lemurum
418 3973 515 4036 ἅιιιιιιι]
542 3973 587 4017 Vel
601 3980 696 4034 propter
721 3971 868 4032 Philadelphi
882 3972 1191 4034 bibliothecamabeumpsit.
1201 3975 1257 4038 Pru
1315 4030 1321 4037 ,

164 4037 352 4085 comessationem
369 4045 500 4082 nocturnam
517 4037 550 4083 ita
569 4051 583 4081 a
603 4039 696 4083 Lucano
721 4037 792 4082 tarcb.

163 4100 316 4160 descriptam.
340 4101 377 4147 vel
394 4109 490 4162 propter
506 4101 697 4161 magnificentiam
755 4103 811 4150 502
830 4100 903 4154 Quam
913 4101 965 4149 tolet
965 4100 1049 4165 ,&.o]
1048 4101 1135 4149 Advs.
1147 4104 1203 4150 533.
1213 4103 1262 4150 lib..

164 4165 250 4223 regiam
272 4172 296 4211 et
321 4165 407 4210 eximio
433 4165 555 4225 splendore
580 4172 696 4212 structam.
724 4168 746 4210 1.
762 4166 791 4211 de
806 4165 858 4212 coelo
873 4165 934 4227 lapsa
947 4181 988 4227 per
1002 4167 1094 4215 ambas
1102 4163 1257 4238 Stelinscceru

166 4230 280 4274 Monstrat
295 4230 379 4286 locum,
396 4229 436 4276 ubi
453 4231 608 4290 redintegrata
621 4245 699 4290 pugna
723 4230 885 4287 duceremulta
894 4231 1116 4278 tumlucecucamt
1130 4245 1194 4286 mox,
1208 4230 1258 4278 tum

165 4293 244 4349 fuerit,
251 4294 280 4338 ad
307 4301 382 4340 ortum
393 4294 443 4340 sod
453 4310 514 4341 crrca
522 4294 619 4341 navalia
631 4293 698 4341 Hert.
724 4294 788 4356 longo
804 4282 881 4352 limite,
896 4295 970 4344 ιιιὶιιιι
980 4293 1028 4344 Dar
1038 4295 1118 4352 larsem
1128 4295 1173 4373 ἀι.
1190 4295 1256 4356 Virg.

158 4360 256 4416 819
235 4310 434 4430 1ἕιιιιιιιὸιι]
451 4359 591 4425 Phalarion,
606 4359 699 4408 adver-
723 4357 849 4408 AE'neid2.
988 4386 993 4393 ·
