2784 4860
362 359 583 437 crvru'rs
629 365 816 433 nunni.
851 347 957 468 nra
991 322 1040 432 rs
1204 363 1254 428 eo

140 544 283 626 Quique
301 526 574 627 colunt-junctos
596 515 755 605 extremis
775 543 953 607 m‘oenibus·
968 549 1081 623 agros,
1111 546 1134 586 -“

104 670 112 678 ’
144 653 356 736 Diffugiunt:
379 655 497 734 ingens
519 649 648 714 Urbem
668 652 826 732 cingebat
847 650 1004 732 Erinnys,
1140 662 1142 666 '

144 763 333 827 Excutiens
351 773 494 844 pronam
515 760 669 842 flagranti
690 761 817 824 vertice
840 762 969 844 pinum,

144 875 401 955 Stridentesque
418 892 554 936 comas:
577 871 776 935 Thebanam
792 871 904 964 qualis
925 870 1069 953 Agaven
1115 951 1116 955 Ἰ

144 985 301 1067 Impulit,
323 988 382 1046 aut
397 983 482 1048 saevi
501 982 664 1046 contorsit
684 982 753 1046 tela
769 981 915 1063 Lycurgi
1183 980 1249 1044 575
1343 1037 1345 1040 ,

146 1095 330 1159 Eumenis:
355 1099 413 1158 aut
430 1094 570 1176 qualem·
576 1093 677 1176 jussu
690 1091 714 1155 J
715 1093 838 1156 unonis
852 1092 979 1174 iniquae
1232 1089 1234 1092 ⁴

148 1206 293 1270 Horruit
312 1205 465 1280 Alcides,
488 1205 564 1271 viso
576 1204 650 1288 jam
666 1203 757 1279 Dite,
782 1201 979 1285 Megaeram.

147 1315 335 1381 Insonuere
354 1317 458 1392 tubae,
470 1319 508 1379 'et
526 1319 654 1397 quanto
670 1315 817 1379 clamore
836 1313 993 1377 cohortes

149 1427 349 1503 Miscentur,
372 1432 502 1490 tantum
516 1446 587 1490 nox
604 1431 677 1490 atra
692 1425 873 1489 silentibus
884 1424 977 1487 'auris

147 1539 284 1602 Edidit:
308 1539 469 1602 etmedio
490 1538 557 1602 visi
573 1551 774 1618 consurgere
791 1534 923 1617 Campo
969 1544 972 1549 '

148 1649 278 1713 ilhistia
293 1649 423 1731 Syllani
444 1649 597 1713 cecinere
619 1647 759 1711 oracula
780 1665 916 1710 manes:
992 1692 993 1695 ,

147 1758 407 1842 Tollentemque
422 1764 528 1843 caput
543 1759 673 1840 gelidas
691 1757 834 1821 Anienis
857 1758 902 1821 ad
915 1757 1028 1822 undas

148 1867 322 1951 Agricolae
344 1870 454 1933 fracto
474 1868 622 1933 Marium
643 1868 758 1950 fugere
779 1869 949 1950 sepulcro.

151 1980 244 2043 Haec
260 1985 397 2064 propter
412 1980 542 2064 placuit
562 1979 697 2044 Tuscos
713 1979 755 2042 de
770 1997 863 2042 more
878 1982 1026 2042 vetusto*

150 2087 270 2152 Acciri
284 2095 392 2153 vates.
413 2099 556 2171 quorum
575 2089 634 2171 qui
650 2089 819 2152 maximu's
836 2107 911 2153 aevo
1002 2094 1005 2099 '
1188 2073 1256 2150 585

152 2198 267 2262 Anms
289 2200 432 2262 incoluit
451 2199 592 2262 desertae
613 2199 742 2262 moenia
760 2199 879 2276 Lunae,

154 2308 321 2374 Fulminis
341 2310 482 2373 edoctus
498 2314 621 2384 motus,
642 2303 816 2391 venasque
838 2310 987 2374 calentes

154 2418 344 2496 Fibrarum,
361 2424 395 2483 et
415 2420 562 2483 monitus
576 2419 750 2483 volitantis
772 2420 808 2482 in
829 2439 906 2483 aere
927 2439 1067 2502 pennae:
1132 2443 1135 2447 ·
1224 2437 1226 2441 ·

156 2528 313 2594 Monstra
330 2531 429 2612 jubet
450 2531 606 2612 primurn,
630 2549 708 2611 quae
727 2529 821 2592 nullo
837 2530 964 2595 semine
987 2531 1118 2594 discors

156 2690 206 2736 5⁷4
220 2687 388 2749 Stridentesque
400 2703 491 2734 cornum.
594 2689 643 2735 574
660 2692 766 2750 Agauen.
855 2691 904 2738 579
920 2690 1011 2736 umbria
1093 2693 1142 2740 580
1158 2691 1183 2736 in
1198 2692 1255 2737 med.

155 2764 317 2815 milenum
319 2762 408 2828 fracto.
432 2765 482 2814 586
490 2764 682 2820 Attenudrtnns.
708 2767 755 2812 586
765 2763 847 2812 Laeca>
868 2767 996 2813 588motus
1005 2767 1109 2814 mantis.
1138 2768 1187 2814 588
1195 2766 1257 2814 σενα.

156 2910 242 2965 epectae
253 2919 329 2964 prope
344 2906 437 2950 umbrae.
472 2903 532 2951 Ecce
547 2902 607 2951 inter
617 2912 693 2950 tumu-
718 2919 762 2964 que
774 2903 884 2964 temporis
896 2903 978 2950 aemula
991 2904 1157 2964 praedixerunt.
1242 2952 1248 2956 ,

155 2971 193 3023 lor,
204 2977 271 3029 utque
289 2969 448 3016 auocarentur
466 2969 535 3015 bustis
558 2968 694 3016 Umbrorum
750 2971 806 3016 582.
827 2966 989 3030 Tollentemque
1007 2979 1084 3030 caput,
1101 2969 1157 3032 tre]
1178 2969 1255 3017 Rusti·

146 3033 509 3099 jireiesdirostridneminutur.
528 3035 621 3081 Patron.
672 3075 688 3084 ,,
719 3032 754 3079 cis
766 3033 831 3080 visus
842 3033 932 3080 Marius
943 3033 1210 3095 emieansesepulcbro.
1239 3083 1241 3086 ,

189 3101 246 3148 5⁷2.
264 3095 349 3160 Ingens
367 3095 449 3144 Urbem
466 3099 570 3161 cirrgebut
584 3098 692 3160 Erinnys,
751 3100 806 3145 583.
824 3097 952 3158 sepulcro]
977 3098 1076 3160 Signata
1111 3093 1257 3160 Sylln¹enini

155 3160 200 3210 &a
213 3161 341 3208 illebonam
352 3162 424 3222 qualis
435 3163 527 3225 Agaven
542 3163 695 3223 Impulitunt
718 3176 825 3208 reversus
836 3162 912 3208 victor
932 3161 982 3208 Caii
994 3163 1065 3210 Marii
1076 3164 1185 3224 reliquias
1197 3163 1254 3209 sitas

155 3229 208 3275 seni
217 3228 332 3281 contorsit,
343 3225 398 3288 dic]
417 3229 486 3274 Furia
496 3244 538 3288 per
545 3232 625 3276 urbem
634 3227 693 3282 visa,
719 3227 780 3285 apud
796 3226 908 3273 Anienem
922 3227 977 3274 fluv.
993 3234 1069 3274 erutas
1084 3227 1194 3288 dissipari
1205 3229 1256 3287 J'us-

155 3307 285 3352 purpureos
300 3297 422 3338 concutere
434 3293 510 3339 onnes
527 3301 551 3340 et
562 3295 694 3354 flagrantem
720 3296 787 3336 serat.
889 3330 892 3335 .
996 3351 997 3355 Ἰ
1242 3340 1245 3345 ,

156 3357 236 3404 obviis
257 3356 378 3403 intendere
399 3357 479 3404 facem.
523 3357 627 3420 Ernergit
650 3357 695 3403 lule
751 3358 807 3404 584.
828 3354 1023 3410 Tuscosdemore,
1040 3355 1097 3418 dra]
1117 3359 1201 3406 ilerum
1219 3359 1261 3406 di-'

158 3421 221 3469 Ditis
236 3420 318 3467 clerus
339 3420 431 3467 lurido
451 3420 562 3485 Erinnys.
594 3421 624 3468 Et
644 3419 699 3468 oet:
719 3418 823 3466 vinorum
835 3426 903 3480 atque
913 3421 1078 3468 sacrificiorum
1095 3421 1254 3481 peritissimos.

157 3487 210 3534 lurra
228 3487 312 3539 mittar,
322 3483 462 3549 facibuque
477 3496 567 3534 urnula
585 3485 695 3549 Megaero,
720 3500 816 3544 namque
824 3484 948 3531 divinandi
956 3485 1111 3546 disciplinam,
1121 3491 1188 3547 atquo
1196 3488 1263 3536 ritus'

158 3550 293 3611 Letumque,
302 3548 345 3597 &c
365 3551 459 3597 Petron.
471 3551 527 3597 Arbr
539 3551 621 3612 Qualis
633 3552 698 3610 Agef·
720 3550 747 3596 ud
758 3549 892 3610 religionem
901 3555 1041 3608 spectantes,
1047 3551 1133 3597 Tbnsei
1143 3567 1156 3596 a
1167 3555 1257 3601 Graecia
1272 3579 1275 3583 ·
1307 3594 1316 3606 ,

157 3631 204 3664 ren
215 3613 343 3662 stimularit
352 3614 376 3660 in
388 3617 475 3662 coedem
486 3615 530 3663 lilii
540 3617 576 3662 sui
588 3615 697 3668 Penthei,
720 3613 757 3677 (bi
768 3620 844 3660 autem
852 3629 865 3659 a
874 3612 990 3661 Chaldaeis
998 3615 1136 3680 imbuerunt)
1147 3626 1256 3680 percepta

158 3687 199 3727 aut
209 3681 342 3740 Lycurgum
357 3695 436 3741 regern
450 3680 573 3740 Thraciae3
589 3680 695 3742 quidum
721 3678 832 3725 Romanis
841 3677 964 3724 tradidere.
1258 3682 1262 3696 ²

159 3745 246 3792 Bacchi
263 3744 317 3790 odio
336 3743 398 3790 vites
413 3744 569 3801 exscinderet,
587 3761 628 3791 sua
647 3743 694 3790 sibi
752 3745 808 3793 586.
827 3741 927 3790 Desertor
943 3742 1045 3805 meran]
1070 3744 1155 3791 incolis
1179 3741 1262 3795 nouae*

157 3825 225 3857 crura
248 3808 367 3868 praeoidit:
396 3815 434 3854 aut
454 3810 588 3864 Herculem,
608 3809 695 3869 quiab
721 3813 745 3854 et
761 3823 825 3854 rerae.
845 3805 939 3867 [aare]
957 3807 1031 3855 Primi
1052 3809 1152 3856 Etruriae
1165 3811 1263 3878 oppidis

158 3874 240 3922 inieris
250 3888 366 3927 reversus,
384 3873 486 3920 immissa
505 3890 520 3920 n
534 3876 624 3922 lunone
636 3873 696 3919 furia
721 3888 773 3919 oum
789 3877 865 3934 portu,
882 3872 971 3931 sunjus
988 3871 1048 3927 sinu,
1067 3875 1139 3920 Lunae
1150 3883 1257 3924 curvatu-

158 3945 287 3998 correptus‚
303 3952 400 3984 uxorem
411 3944 477 3985 suam
491 3945 515 3985 et
524 3938 611 4004 liberos
625 3939 696 3984 inter-
721 3952 769 3983 ram
780 3938 901 3990 referente,
917 3951 1001 3983 nomen
1011 3938 1096 3985 babere
1107 3938 1207 3987 videtur.

158 4003 222 4051 feeit„
241 4004 322 4048 Senes.
335 4004 406 4048 llere.
419 4005 460 4049 Fu.
754 4004 809 4050 58⁷.
837 4000 949 4048 Feminis
971 4003 1065 4048 edoctis
1083 4003 1175 4066 motus]
1202 4005 1258 4052 Ful-

191 4069 249 4115 573.’
265 4065 387 4114 Erwtiens
395 4064 497 4127 pinum]
514 4067 612 4128 Agitans
623 4068 695 4114 facem
721 4065 814 4113 minum
830 4065 985 4121 evocationes,
1002 4065 1164 4126 aruspicinam,
1181 4069 1263 4128 avium

159 4149 191 4181 ex
202 4132 268 4192 pinu,
285 4131 395 4178 intentum
406 4131 430 4178 in
444 4131 533 4178 obvios.
723 4131 822 4192 garritus
838 4136 862 4177 et
878 4130 970 4177 volatus
990 4131 1086 4186 callens,
1103 4132 1139 4179 sic
1149 4134 1215 4196 Virg.
1226 4135 1263 4181 de'

193 4199 249 4246 578.
263 4194 702 4257 innammabant]Nocturnum·
723 4196 824 4251 Heleno,
847 4197 958 4255 interpres
977 4195 1061 4250 dicuin,
1083 4195 1126 4243 &a
1148 4196 1179 4245 Et
1196 4199 1258 4246 coln-

159 4260 711 4321 tubaeetexereitunrnconcursusclamoresque·,
722 4276 789 4307 crum
811 4260 901 4323 lingens
921 4268 943 4306 et
958 4262 1063 4322 praepetis
1077 4263 1151 4308 anino
1169 4277 1257 4324 penne.

192 4331 250 4381 580.
269 4323 299 4371 Et
321 4327 399 4379 medio,
417 4323 473 4386 dcc]
493 4326 562 4384 Syllae
584 4341 662 4371 munes
684 4341 703 4371 e·
724 4327 818 4373 aanor

160 4389 413 4454 repulcirrolucampo
429 4389 696 4438 Mamonorrenoaeui-
734 4393 807 4452 ,589
823 4388 925 4437 Moror-ra
942 4390 1010 4451 jubet
1028 4389 1155 4454 primurn]
1183 4385 1266 4438 Aruns'
