2784 4860
344 363 570 432 orvrnrs
599 363 794 432 *BELLI
838 362 1032 474 mnu.
1204 367 1246 461 ⁸⁵.

141 537 339 615 Jusserunt,
354 539 447 604 valet
460 541 496 603 in
510 540 700 626 torquendo
715 541 857 606 dextera
870 542 964 626 pilo:

143 646 314 714 Fervidns
328 649 403 713 haec
418 650 540 715 iterum
555 652 650 716 circa
663 652 855 738 praecordia
869 652 1008 735 sanguis
1055 667 1061 675 “

144 750 315 824 Incaluit:
340 759 454 823 disces
469 779 539 842 non
553 780 629 826 esse
645 762 690 826 ed
705 762 797 826 bella
811 762 964 845 fugaceS,
997 816 1000 823 ,

144 865 216 946 Qui
231 889 354 951 pacem
369 875 510 954 potuere
525 873 610 954 pati.
625 872 707 937 licet
720 873 778 937 ille
794 873 957 950 solutum,

143 972 395 1063 Defectumque
411 987 523 1060 vocet,
538 1003 581 1046 ne
596 1002 661 1047 vos
676 1003 754 1049 mea
768 988 890 1049 terreat
905 987 1002 1049 tetes.
1176 987 1244 1053 560

142 1090 228 1155 Dux
245 1091 409 1155 sitinhis
425 1094 547 1157 castris
564 1095 687 1170 senior,
705 1094 786 1159 dum
800 1095 900 1159 miles
915 1095 953 1158 in
968 1074 1049 1160 illis.
1241 1072 1247 1082 K

142 1198 224 1279 Quo
239 1203 352 1284 potuit
367 1203 477 1267 civem
491 1205 642 1287 populus
657 1206 843 1287 perducere
857 1206 956 1279 liber,

141 1309 307 1388 Ascendi,
325 1331 496 1396 supraque
510 1313 595 1377 nihil
609 1315 676 1379 nisi
691 1335 795 1396 regna
807 1315 942 1400 reliqui.

143 1420 226 1493 Non
240 1423 375 1506 privata
391 1424 496 1507 cupit,
520 1423 680 1488 Romana
695 1425 852 1508 quisquis
867 1425 904 1489 in
923 1425 1007 1490 urbe
1343 1512 1347 1516 .

142 1531 350 1617 Pompeium
364 1535 506 1598 transire
521 1540 631 1619 paret.
654 1534 733 1599 hinc
750 1533 880 1600 Consul
896 1539 1051 1618 uterque3
1179 1538 1245 1602 565

142 1643 237 1709 Hinc
253 1645 348 1709 ecies
363 1650 493 1710 statura
508 1647 644 1712 ducum.
690 1645 851 1712 Caesarne
868 1647 1014 1713 Senatus
1062 1652 1065 1658 '
1197 1648 1199 1652 ’

141 1747 264 1821 Victor
279 1757 366 1820 eniti
389 1777 458 1821 non
472 1762 543 1821 tem
559 1778 654 1822 caeco
672 1758 779 1822 trahis
796 1759 912 1822 omnia
926 1777 1040 1837 crnsu,

142 1865 262 1950 Teque
278 1865 363 1930 nihil
378 1865 529 1932 Fortuna
542 1869 659 1951 pudet.
683 1867 847 1932 Multisne
862 1868 999 1934 rebellis
1109 1858 1113 1869 ⁴

142 1975 260 2042 Gallia
269 1976 345 2060 jem
358 1976 485 2056 lustin,
502 1984 655 2061 aetasque
670 1979 827 2062 impensa
840 1979 951 2064 labori
1100 1984 1102 1993 ‘

142 2087 237 2152 Dant
251 2087 408 2151 animosi
454 2087 567 2153 Rheni
582 2089 704 2171 gelidis
720 2090 814 2173 quod
828 2089 915 2172 fugit
930 2091 974 2154 ab
994 2091 1108 2166 undis,
1179 2093 1244 2157 570

142 2198 387 2282 Oceanumque
402 2219 532 2279 vocans
548 2201 668 2265 incerti
684 2205 805 2283 stagna
819 2201 1000 2285 profundi3
1104 2196 1106 2199 ’

141 2308 446 2397 Territe‘quaesitis
462 2313 610 2385 ostendit
630 2317 725 2394 terge
740 2313 940 2377 Britannis?

141 2420 197 2487 An
210 2441 312 2487 venae
331 2426 483 2487 tumuere
499 2424 612 2500 minae,
630 2423 723 2507 quod
738 2422 832 2488 sama
846 2421 970 2486 furoris

142 2584 296 2632 carenam.
347 2567 932 2645 558anenata,aian,dtnant,dtaet,anain.
982 2586 1132 2635 euocata
1150 2601 1242 2636 aeva

206 2650 255 2699 561
264 2647 347 2698 atur.
385 2651 643 2712 normamque.
682 2653 731 2700 564
741 2652 811 2711 capa.
853 2652 982 2710 saepae.
1020 2622 1178 2699 tacentia.

267 2713 324 2760 570.
336 2715 451 2778 quorsng.
498 2719 546 2765 571
554 2717 634 2764 incerti
645 2731 728 2779 magna
736 2715 795 2780 prqt'.
807 2716 936 2777 incertaque
946 2722 1051 2779 stagnata
1058 2713 1119 2778 pref.

148 2845 150 2849 ¹
173 2854 230 2902 556.
250 2852 318 2901 Valet
328 2857 354 2903 in
366 2854 505 2918 torquenda]
522 2855 613 2903 Laudat
628 2870 678 2903 aea
741 2854 797 2903 567.
815 2851 867 2900 Non
878 2861 923 2905 tarn
933 2869 989 2900 caeco
998 2851 1076 2908 nahe,
1085 2851 1142 2915 &c.]
1160 2855 1244 2916 Objee·
1265 2880 1267 2886 ι

139 2918 231 2965 viribus
249 2922 363 2981 corporis,
379 2922 464 2982 quibua
482 2928 568 2987 praeter
588 2927 679 2968 aetatem
707 2918 741 2966 tio
752 2933 766 2964 a
778 2919 877 2965 fortunae
888 2917 1045 2979 providentia,
1055 2933 1123 2979 quam
1133 2917 1191 2967 dicit
1198 2927 1245 2968 lam

139 2983 236 3042 valeal3
258 2993 283 3032 et
306 2986 425 3033 confirmat
448 2985 534 3032 milites
556 2985 680 3033 collatione
707 2983 1047 3039 oaeeumnonfore‚utidfleri
1057 2983 1245 3045 petinianflor·

140 3047 226 3094 ducam
238 3056 262 3095 et
272 3050 526 3112 utriuaqneexercitus.
544 3048 650 3098 Hortens.
706 3056 762 3096 tent.

171 3116 231 3162 559.
248 3113 330 3161 Pacem
341 3114 509 3177 patuerepati]
526 3116 555 3162 lu
570 3131 627 3178 pace
644 3114 680 3162 vi·
739 3114 795 3170 668.
814 3113 944 3177 Multisne]
954 3111 1070 3162 invidiose.
1088 3114 1197 3171 Duobus,
1205 3124 1244 3162 ne·

138 3192 203 3223 vere.
213 3179 269 3225 ride
277 3195 328 3240 quoe
338 3181 368 3226 ad
375 3196 409 3227 va.
420 3184 476 3230 314.
486 3180 528 3227 lib.
537 3183 560 3227 5.
570 3180 680 3236 Solutum,
705 3194 752 3242 qno
763 3179 854 3225 exectis
865 3178 903 3228 iis.

138 3241 314 3308 ddiatamqae]
332 3246 477 3293 Dissolutum
494 3245 583 3294 viribus
600 3253 624 3293 et
639 3247 680 3293 de·
737 3245 794 3294 570.
812 3243 889 3308 Rheni
904 3244 994 3307 gelidis,
1012 3243 1069 3306 δια]
1087 3245 1166 3291 Caesar
1184 3244 1244 3290 Ger-

139 3305 266 3354 bilitatnm.
362 3324 364 3327 ·
705 3323 786 3354 manua
797 3309 858 3355 terro
870 3315 894 3355 et
904 3309 952 3369 igni
964 3309 1096 3370 populatus,
1113 3308 1138 3355 in
1154 3308 1243 3355 hostico

173 3374 231 3421 561,
251 3372 305 3420 Dan
314 3376 343 3421 rit
350 3375 376 3422 in
385 3373 426 3430 dis,
436 3373 493 3436 δια]
512 3376 559 3421 Cur
568 3375 625 3421 mihi
637 3376 680 3422 da·
705 3388 749 3434 per
760 3374 811 3421 dieu
823 3377 862 3423 18.
873 3381 983 3430 moratus,
996 3390 1021 3420 se
1032 3374 1058 3420 iu
1070 3374 1168 3420 Gallium
1180 3389 1243 3420 rece-

138 3433 164 3482 ei
173 3443 230 3484 aetaa
239 3438 280 3484 illa
288 3441 375 3498 probro
385 3439 422 3496 ait,
432 3456 482 3500 quae
491 3439 555 3486 illius
564 3439 680 3489 militibus
706 3438 750 3498 pit,
763 3437 862 3486 rescisso
872 3444 927 3500 post
939 3454 964 3485 se
975 3445 1055 3498 ponte,
1066 3453 1135 3498 quem
1146 3439 1171 3484 in
1182 3438 1244 3485 Rhe·

141 3501 244 3549 lrouori?
705 3518 736 3548 no
747 3509 871 3558 struxerat,
883 3520 912 3550 ne
920 3503 1102 3551 Germaniciani
1109 3509 1176 3552 esset.
1185 3503 1244 3551 hane

173 3569 230 3616 560.
249 3566 300 3621 Quo
311 3570 393 3628 potuit,
411 3567 467 3630 die]
486 3568 637 3628 Ecplroncsia,
656 3568 680 3616 in
706 3567 918 3629 Pompeiuafogam
929 3567 1089 3615 calumniatur.

137 3631 265 3690 mentium
275 3633 362 3692 Populi
381 3635 448 3680 Rom.
465 3634 505 3695 qui
521 3633 620 3680 Caesaris
637 3649 679 3694 po-
738 3635 795 3694 571.
814 3632 1134 3694 Ocennmquenocamineetti,
1146 3630 1203 3696 dia]
1213 3634 1244 3681 Et

138 3695 236 3743 tentiam
248 3696 273 3743 iu
284 3713 347 3744 cuam
363 3698 498 3746 servitutem
513 3706 635 3746 armarunt.
654 3714 680 3745 ae
706 3699 769 3758 qnod
779 3705 886 3744 causatus
898 3699 1015 3744 Oceanum
1025 3697 1183 3744 Britannicum
1192 3711 1243 3745 ease

138 3759 235 3822 quidem
246 3761 391 3810 inscendiaae
402 3765 431 3808 ad
440 3763 522 3825 gloriae
534 3779 606 3823 atquo
618 3764 681 3810 lasti·
706 3763 791 3815 Gallici
802 3763 872 3809 marir
884 3762 998 3819 oeitaaria,
1012 3762 1133 3824 reciproco
1144 3763 1208 3809 fluxu
1219 3771 1243 3811 et

140 3824 205 3888 giam
217 3841 347 3886 summam3
362 3843 388 3875 ac
400 3843 469 3888 supra
481 3827 571 3875 aeuihil
581 3827 624 3874 uini
637 3829 679 3876 do-
705 3829 803 3885 refluxu,
814 3827 883 3874 modo
902 3827 1038 3888 stagnantia,
1055 3828 1125 3874 modo
1143 3829 1243 3875 vadona:

139 3889 292 3938 minationem
320 3909 346 3939 ac
377 3892 522 3952 tyrannidem
550 3892 680 3953 reliquirse.
706 3891 1246 3954 repulsasestaBritannis,quibusnltrobel·

141 3952 248 4004 Horten.
269 3955 356 4020 Liba]
382 3957 525 4005 Libertatem
544 3973 607 4004 auam
624 3959 679 4005 reti·
705 3956 752 4005 lum
763 3956 879 4007 intulerat.
898 3957 994 4005 &dhan
1007 3957 1099 4004 Cetaria
1105 3956 1244 4020 genarat-

140 4033 207 4074 nerra,
218 4035 263 4066 uun
272 4021 349 4069 delata
359 4021 401 4068 ulli
410 4021 501 4082 imperii
511 4037 606 4069 namma.
702 4024 765 4083 peius
771 4038 814 4084 per
824 4022 932 4069 invidiam
941 4023 1192 4071 enenaamtnanciran
1203 4020 1244 4070 ln·

173 4086 230 4132 564.
248 4084 301 4133 Nan
308 4088 398 4147 privata
404 4086 488 4150 capit]
498 4089 553 4135 Non
562 4087 679 4136 civitatee
704 4091 761 4136 certi
771 4086 900 4151 ptffurnit']
913 4089 949 4134 Ob
968 4095 1103 4148 perpetuam
1114 4087 1244 4148 reciproco·

140 4149 439 4209 vultaodtyranuua,&c.
705 4153 799 4200 tionem.
820 4151 894 4199 Caura
913 4152 1027 4200 inserendi
1045 4151 1100 4200 belii
1123 4153 1244 4200 Britannia

174 4215 231 4265 565.
250 4213 311 4262 Hine
323 4216 425 4279 Consul]
442 4217 679 4278 Apartibuauoatrir.
704 4226 762 4274 erat,
780 4218 841 4278 qnod
859 4217 915 4264 satis
933 4224 1075 4278 compertum
1092 4217 1196 4272 haberet,
1212 4219 1244 4264 ali

143 4276 261 4341 Uterque]
281 4282 308 4328 L.
329 4282 438 4330 lentulus
456 4289 482 4329 et
498 4281 524 4328 0.
546 4283 679 4331 Marcellus.
704 4281 735 4329 iis
751 4282 838 4330 auxilia
849 4281 925 4332 Gellia
941 4283 1075 4331 manumissa
1085 4281 1164 4330 luisse.
1182 4281 1243 4329 Hor-

140 4347 171 4392 A.
184 4345 215 4390 U.
227 4347 284 4394 705.
347 4352 349 4356 ’
704 4349 793 4396 lentim.

172 4411 231 4460 566.
250 4404 513 4475 Βαοιιω,]Ῥτοοοτιιω,
523 4415 667 4462 Semtoram.
736 4415 793 4467 576.
810 4412 848 4462 Aa
863 4427 925 4462 rnna
935 4410 1057 4476 tumuere]
1074 4411 1206 4461 lneffioaoea
1218 4418 1243 4459 at
