2784 4860
35 422 40 429 ,
150 340 217 407 ara
451 336 955 408 surenuunnrnm

152 515 233 581 Hoc
248 519 403 579 metuens
417 515 570 597 equitum
584 516 796 599 praemiserat
810 515 947 598 agnina
959 474 1084 581 turini!
1093 490 1116 595 ’ζ
1247 574 1256 585 ,

152 623 266 690 Obvia
281 623 451 689 Caesareis
466 624 695 705 Ptolemaeus;
718 626 798 689 dum
813 624 1011 723 sibicastre
1126 686 1158 713 ‚,
1209 710 1213 715 Ι
1248 668 1254 701 ,-

151 735 248 799 Colle
262 736 355 799 locat
370 736 476 811 celso,
490 736 559 799 late
574 736 633 817 qui
648 734 795 818 despicit
809 754 944 801 ornnem
1041 796 1047 803 .

149 845 343 921 Planitiem‚
360 846 530 928 AEgyptus
545 865 615 927 qua
629 851 751 909 terram
765 844 874 909 effusa
888 844 1069 929 patentem¹
1135 858 1138 863 '

149 956 322 1040 Explicat.
345 956 408 1019 Est
422 957 561 1038 proprio
577 955 681 1019 Mons
695 954 845 1037 undique
858 954 981 1021 robore
994 960 1116 1021 tutus:
1187 956 1191 961 “

149 1067 333 1132 Difficilem
348 1067 480 1130 declive
496 1066 620 1142 solum„
632 1072 878 1149 praeruptaque.
889 1083 978 1129 saxa
1035 1140 1039 1145 ,
1061 1124 1064 1129 .
1185 1148 1192 1157 ,

150 1176 230 1240 Una
244 1182 340 1260 parte
356 1177 483 1239 dabant
497 1194 699 1239 ascensum:
722 1179 796 1238 tute
809 1174 936 1256 palude
966 1170 969 1176 ’

109 1284 113 1291 ’
148 1285 235 1351 Pars
251 1288 406 1351 aliaest:
429 1286 550 1368 rapido
566 1305 647 1369 pars
661 1285 762 1350 tertia
776 1286 1047 1366 cingitur-amne.

149 1397 232 1463 Sola
246 1402 391 1479 angusta
406 1388 519 1459 aditus
534 1396 579 1459 ad
592 1400 742 1459 montem
756 1394 903 1478 praebuit
918 1394 1082 1459 Istlrnms.
1116 1376 1119 1383 ¹

192 1507 260 1570 Sed
275 1527 344 1570 non
359 1508 546 1570 castrorum
558 1511 653 1570 tanto
667 1506 852 1569 munimine
866 1508 977 1568 tutum

149 1617 193 1681 Se
209 1618 294 1680 satis
309 1636 386 1680 esse
402 1621 506 1691 ratae,
522 1615 643 1697 procul
658 1615 718 1678 illo
734 1634 849 1679 arcere
864 1616 1009 1698 parabat

148 1725 297 1790 Caesaris
313 1745 512 1804 occursum3
535 1729 669 1806 pontes,
690 1724 870 1807 aditusque
884 1728 1034 1789 remotos
1074 1804 1078 1809 Ι

149 1835 260 1900 Milite
277 1837 425 1900 custodit
438 1835 630 1919 praemisso,
645 1841 679 1899 et
694 1834 815 1898 dissita
828 1834 929 1916 longe

149 1946 307 2010 Flumina
320 1947 570 2029 necquicquam
583 1942 735 2030 (infelix)
749 1944 933 2029 defendere
943 1948 1062 2010 tentat.
1118 2008 1128 2029 „
1182 1942 1185 1946 ’
1232 2004 1247 2013 ..

148 2056 240 2121 Nam
254 2076 364 2139 neque
381 2055 548 2119 Romanis
562 2056 685 2119 animis
699 2055 826 2119 fiducia
840 2054 946 2119 cessit

148 2163 274 2230 Contra
288 2165 415 2240 hostes,
433 2170 618 2248 contraque
633 2167 732 2229 locos
746 2185 897 2249 pugnare
911 2164 1062 2251 paratis:

146 2275 315 2341 Virtutem
330 2274 464 2339 Phariae
480 2295 544 2339 nec
560 2276 748 2357 sustinuere
763 2282 910 2341 catervae

147 2384 348 2449 Ausoniam.
372 2383 505 2447 Cedunt
518 2385 615 2468 ripis,
631 2390 666 2448 et
679 2390 773 2467 terga
786 2404 963 2468 peragras

146 2496 349 2579 Praecipites
365 2495 485 2559 dantes
500 2496 687 2560 victoribus
702 2498 816 2560 omnia
829 2497 996 2580 linquunt.

188 2607 388 2672 Contectam
402 2608 489 2671 vidit
502 2608 623 2671 castris
638 2607 847 2671 Ptolemaeus
862 2609 906 2672 ab
921 2607 1001 2673 eltis
1043 2686 1047 2691 ,

145 2718 354 2802 Corporibus
370 2723 503 2795 terram,
521 2716 764 2799 rubefactaque
781 2718 877 2783 caede
893 2706 1032 2784 suornm

145 2829 249 2892 Prata
264 2828 388 2910 quibus
404 2832 574 2921 steterant,
586 2826 720 2910 proprii
734 2828 904 2910 praesagia
917 2827 980 2895 fati

144 2939 271 3002 Tristia
286 2937 484 3020 concipiens
499 2937 611 3003 annno
623 2957 632 3017 ;
655 2937 736 3003 dum
750 2942 864 3001 castra
877 2941 1033 3019 petentes

145 3047 243 3126 Quos
258 3047 339 3129 fuga
353 3047 501 3111 servavit
515 3047 630 3129 pauci,
646 3067 715 3111 non
729 3046 858 3112 viribus
873 3052 998 3129 augent
1128 3130 1132 3138 ι
1156 3108 1163 3119 ,
1231 3110 1243 3121 ,

143 3157 327 3221 Auxiliove
343 3176 436 3233 suos,
452 3157 593 3238 implent
607 3156 669 3219 sed
684 3162 808 3221 cuncta
821 3156 951 3220 timore.

144 3267 298 3346 Quorum
311 3267 458 3331 victores
473 3265 637 3347 fugientia
650 3266 868 3358 tergasecuti
956 3270 961 3275 “

143 3378 339 3458 Instabant3
363 3377 501 3459 acrique
516 3375 561 3439 ad
576 3375 688 3457 Regia
703 3381 815 3469 castra
828 3376 974 3469 tumultu
1057 3340 1082 3427 ¹·

142 3487 368 3566 Perveniunt3
392 3505 469 3568 quae
483 3487 558 3570 jam
572 3484 691 3551 Caesar
705 3482 892 3552 conamine
898 3491 984 3565 toto,

143 3598 235 3662 Dum
249 3597 383 3661 fortuna
398 3597 497 3675 calet,
513 3596 661 3680 dumque
676 3598 790 3663 omnia
804 3599 907 3683 plena
920 3599 1053 3689 timore,
1153 3666 1160 3673 ,

142 3709 290 3791 Impiger
305 3708 512 3789 aggreditur;
533 3727 597 3771 nec
612 3706 724 3775 adhuc
739 3709 883 3774 victoria
897 3714 991 3775 certo
1065 3772 1101 3797 -.
1231 3724 1243 3787 ’,

141 3817 228 3883 Esse
243 3818 430 3894 videbatur,
447 3817 563 3881 Pharii
578 3817 659 3883 dum
675 3825 788 3884 castra
802 3821 984 3915 tenebant..
1195 3884 1199 3891 .
1220 3874 1236 3897 ,.

140 3928 193 3993 rte
208 3908 282 4006 tiri,
299 3929 396 4006 dixit,
412 3929 571 4013 belloque
586 3931 749 4014 imponite
763 3931 876 3998 finem
1098 3914 1101 3919 ’
1144 4004 1150 4015 ,
1187 4000 1191 4007 ,
1235 3988 1244 4007 .

138 4039 283 4107 Virtutis
297 4039 452 4122 pretium,
466 4040 657 4134 mercedem
671 4029 857 4125 sangorinis,
871 4022 969 4108 auro
1036 4034 1039 4038 ’
1057 4110 1063 4129 ἦ

137 4149 355 4233 Argentoque
369 4149 619 4215 refertatenent
631 4152 776 4218 tentoria
790 4151 942 4235 chls;'''
988 4218 994 4229 ‚
1023 4150 1026 4157 ⁴

139 4260 295 4325 Niliacas
310 4273 476 4343 gemmas,¹
489 4259 664 4343 Erythraeo
677 4282 697 4328 c
711 4262 824 4329 littore
838 4262 1018 4342 conchas.
