2784 4860
139 354 206 421 822
410 344 464 413 Ill.
500 343 716 417 ANNAEI.
748 339 972 413 Lucam

143 525 352 609 Insequitur,
368 540 549 604 saevasque
563 539 685 585 manus
698 520 850 587 immittit
861 519 900 585 in
912 518 1057 587 bostem.

145 638 224 704 Illic
238 655 386 720 quaeque
401 653 464 698 suo
484 633 606 697 miscet
625 651 709 715 gens
722 631 847 716 proelia
861 631 951 695 telo:
1181 623 1253 693 510

148 746 328 814 Romanus
344 744 478 810 cunetis
491 744 617 827 petitur
635 762 752 808 eruor:
775 742 854 807 inde
868 740 1015 822 sagittoe,

145 858 232 925 Inde
247 859 353 934 faces,
369 861 404 921 et
419 875 507 921 saxa
521 855 649 929 volant,
666 854 847 936 spatioque
861 852 987 916 solutae

146 969 259 1046 Aeris,
276 974 310 1033 et
324 966 438 1033 calido
453 965 649 1049 liquefactae
670 963 821 1047 pondere
835 960 988 1044 glandes.

148 1079 247 1146 Tunc
262 1084 296 1142 et
311 1077 439 1152 Iunaei,
456 1075 620 1158 Medique
635 1073 849 1157 Arabesque,
865 1073 979 1138 soluto

149 1190 244 1256 Arcu
257 1188 357 1253 turba
369 1187 499 1264 minax,
513 1205 684 1267 nusquam
697 1204 815 1249 rexere
830 1185 991 1266 sagittas:
1104 1192 1111 1203 '
1186 1181 1257 1253 515

148 1299 218 1364 Sed
232 1299 357 1383 petitur
372 1297 479 1372 solus,
494 1296 554 1377 qui
569 1296 702 1379 campis
716 1295 869 1359 imminet
882 1310 961 1359 aer:

148 1410 234 1477 Inde
249 1407 375 1474 cadunt
389 1411 535 1471 mortes:
558 1406 698 1471 sceleris
713 1404 775 1470 sed
792 1405 932 1469 erimine
944 1405 1040 1469 nullo
1230 1472 1234 1477 ,

146 1519 335 1586 Externum
347 1517 521 1583 maculant
536 1515 713 1599 chalybem
725 1535 736 1594 3
757 1515 852 1581 stetit
865 1534 964 1589 omne
979 1519 1141 1579 coactum

149 1628 252 1695 Circa
266 1628 338 1712 pila
351 1627 449 1693 nefas
465 1647 474 1692 z
496 1625 583 1691 ferro
599 1626 791 1691 subtexitur
804 1625 921 1702 aether,

151 1738 303 1823 Noxque
318 1759 420 1823 super
435 1755 578 1821 campos
592 1736 670 1800 telis
688 1742 846 1803 conserta
859 1735 1034 1820 pependit.
1185 1734 1254 1807 52⁰

190 1847 280 1913 Tum
293 1847 412 1913 Caesar
424 1853 588 1923 metusne,
603 1865 646 1911 ne
661 1845 755 1911 frons
769 1847 837 1911 sibi
851 1848 961 1930 prima
974 1847 1107 1913 labaret

152 1958 308 2035 Incursu,
324 1963 416 2023 tenet
430 1958 589 2041 obliquas
603 1961 684 2039 post
698 1957 797 2043 signa
812 1956 988 2023 cohortes:

151 2068 261 2152 Inque
276 2070 367 2133 latus
380 2069 473 2145 belli,
490 2087 560 2150 qua
574 2087 612 2132 se
627 2086 735 2148 vagus
751 2067 860 2132 hostis
876 2069 1010 2150 agebat,

152 2178 307 2244 Immittit
322 2179 471 2243 subitum
486 2198 555 2242 non
565 2177 667 2243 motis
683 2178 843 2243 conribus
858 2197 991 2260 agmen

151 2289 372 2356 Immemores
390 2310 527 2373 pugnae,
542 2289 704 2372 nulloque
719 2288 849 2371 pudore
864 2290 1005 2353 timendi
1044 2356 1047 2361 ,
1113 2354 1121 2361 ,
1184 2292 1254 2361 525

150 2434 391 2493 millimmiscem.
466 2437 578 2487 512tela.
643 2436 798 2498 512sagitta.
864 2437 913 2484 51³
925 2436 1049 2498 liquescere.
1115 2438 1167 2488 614
1175 2440 1251 2491 scisti

248 2501 381 2553 516aether.
457 2505 505 2550 518
515 2501 630 2564 chalybem
639 2501 760 2548 mmaiant.
837 2502 885 2550 519
896 2517 942 2549 aer.
1018 2505 1066 2551 521
1080 2500 1153 2553 Tanc-

249 2568 338 2643 Ι520
348 2564 446 2623 Emittit,
458 2565 545 2625 Esaisit,
556 2565 658 2639 immisit.
733 2566 882 2615 sesmarum.
956 2567 1005 2614 525
1015 2568 1112 2614 tenendi.

151 2716 198 2760 m,
215 2701 342 2751 ausast.
361 2703 444 2765 vege.
464 2702 505 2750 ue.
527 2705 550 2750 s.
569 2701 689 2763 Manem,
714 2692 1256 2765 ousnemrisnaevmusuuxmeba

152 2767 210 2831 dte]
227 2768 362 2828 Manipulns
377 2768 474 2829 proprie
492 2775 528 2815 eet
545 2766 690 2814 contuberni·
714 2765 797 2812 leniter
816 2768 920 2814 extrema
938 2770 1017 2830 cuspis
1033 2771 1145 2831 sanguiue
1162 2772 1255 2823 inbuta

153 2832 310 2888 ummilitnm,
320 2833 360 2893 qai
371 2832 573 2893 conjunctisquasi
584 2832 690 2879 manibus
713 2831 766 2877 tuit.
782 2829 850 2878 Stetit
867 2847 928 2878 mnae
944 2843 1052 2890 efflatam,
1068 2834 1126 2898 duc]
1143 2837 1193 2886 Sed
1209 2838 1255 2887 asli

154 2897 307 2945 dimicabant:
325 2897 443 2958 trigesima
455 2912 509 2957 pars
519 2896 625 2958 leglenis.
715 2895 817 2942 Romani
828 2895 868 2956 qui
881 2896 936 2959 pilis
949 2899 1078 2956 utebantur,
1093 2903 1194 2950 coactin
1207 2918 1254 2951 οι.

186 2964 243 3012 511.
262 2958 320 3008 Iade
336 2960 444 3025 sagitta]
461 2961 483 3008 A
502 2961 614 3008 militibus
631 2961 691 3010 levis
715 2960 768 3008 dem
778 2960 899 3008 iaciebant.
912 2961 1015 3009 Harsa.
1266 2948 1273 2973 ¹

156 3031 285 3073 meum.
748 3026 805 3074 519.
822 3024 924 3089 AEther]
939 3027 1047 3074 Telorum
1056 3030 1117 3075 nube
1127 3030 1256 3081 obductas.

187 3092 243 3139 512.
260 3089 377 3152 Spatiopue
392 3089 478 3148 solata,
493 3088 550 3152 dre]
567 3091 614 3136 Per
627 3089 692 3137 attri—
716 3090 1254 3159 Inumbraitaqae(inqnitlaeou)pdguablm.

154 3154 242 3204 tionem
253 3155 314 3201 seris
324 3154 455 3203 intermedii
463 3170 495 3202 ex
505 3154 581 3202 veloci
592 3154 692 3202 motuli-
749 3157 805 3202 521.
824 3153 882 3200 Tam
905 3155 980 3203 Cesar
998 3157 1182 3223 malesuadae]
1205 3162 1255 3211 Ubi

156 3221 267 3282 quefaotae
286 3227 339 3267 sunt
355 3219 410 3281 pilas
426 3220 540 3281 plumbeae
556 3220 581 3266 iu
597 3220 693 3280 ligurem
716 3218 795 3265 Cressa
803 3219 904 3266 advertit
913 3221 1040 3282 equiatum
1056 3238 1125 3271 suum
1140 3223 1255 3286 impetu

155 3284 276 3347 glandium
286 3285 398 3339 formatae,
409 3290 433 3331 et
442 3284 520 3331 fundis
530 3283 628 3331 emissae.
640 3286 693 3331 Mo·
717 3284 911 3344 Pompeianorum
929 3286 1031 3347 equitum
1047 3293 1072 3334 et
1080 3287 1256 3349 sagittariorum

156 3357 182 3398 tu
190 3357 267 3400 autem
278 3364 387 3397 accensos
397 3350 563 3410 colliqueseere
573 3349 694 3410 plumbeos
716 3363 762 3395 nen
772 3350 840 3403 terre,
852 3356 938 3410 quartae
950 3351 1009 3398 aciei
1019 3366 1088 3413 qaam
1104 3368 1136 3400 ex
1152 3355 1257 3405 eelsort‘v

156 3416 535 3528 5.μὲἳέῧέἲέἒέῗὲἷῇ
542 3413 694 3542 iiiiii&
717 3413 1052 3537 {inittttttt‘ttt
1067 3417 1257 3534 'miili

397 3514 402 3526 .
1053 3515 1060 3536 ,
1079 3498 1099 3528 sr
1130 3498 1170 3529 um

156 3560 208 3592 eum
222 3543 338 3591 Balearica
345 3545 461 3604 plumbum
470 3543 553 3591 Fando
555 3544 625 3606 jacit,
635 3543 695 3591 eolat
717 3541 753 3588 illi
763 3543 869 3589 celeriter
878 3552 1040 3604 procurrentes
1049 3496 1256 3599 inlinatur*

155 3609 259 3664 illudet
272 3610 408 3655 incandescit
423 3609 508 3656 eaado:
526 3608 565 3666 Et,
582 3623 634 3670 qaas
650 3625 694 3655 non
717 3607 765 3666 peii
774 3608 872 3667 equites,
882 3609 1257 3666 ieceruntuteoruruaemoesn·

158 3673 245 3728 habuit,
263 3673 304 3719 aab
322 3673 419 3720 nabibus
435 3675 521 3720 iecerit
538 3672 608 3737 ignes.
624 3673 694 3721 avia.
719 3671 820 3727 sisteret,
831 3688 955 3735 omnesque
973 3675 1080 3723 conversi
1094 3675 1257 3743 incitataIugu

159 3740 255 3786 Metam.
267 3743 290 3787 2.
718 3743 808 3783 montes
818 3738 1025 3798 peterent'qaibus
1039 3741 1161 3789 summotis
1175 3758 1259 3795 enm

147 3836 150 3841 ,
191 3804 249 3852 514.
265 3800 353 3858 Iterat,
365 3799 422 3863 dre]
440 3802 514 3862 Supra
524 3817 559 3849 ra.
573 3805 628 3852 230.
718 3800 832 3863 sagittarii
847 3810 872 3849 et
890 3803 1019 3851 funditores
1032 3804 1139 3852 destituti
1154 3806 1258 3859 mem„

191 3870 247 3917 515.
266 3865 384 3926 Nusquam
397 3881 473 3913 rasere
479 3867 591 3930 sagittus]
608 3868 636 3914 Iu
645 3867 695 3914 nul-
718 3865 769 3913 sine
779 3866 891 3926 presidio
901 3867 1017 3915 interiecti
1025 3876 1087 3916 suat.

158 3933 206 3982 lum
217 3933 325 3980 direxere
334 3931 457 3978 mesurae:
475 3933 515 3978 sed
528 3932 551 3979 iu
567 3948 642 3980 aerem
652 3933 695 3979 mi·
750 3932 807 3979 523.
828 3929 903 3995 Vagus
912 3932 977 3979 battle
983 3934 1082 3999 agebat]
1099 3934 1259 3999 Pompeiam

158 4013 219 4055 aare,
229 3997 291 4045 unde
301 3996 410 4044 caderent
419 3996 522 4043 letiferae.
718 4011 798 4056 eques,
808 3997 925 4044 turmatim
943 4013 970 4044 se
987 3999 1107 4060 explicans
1126 4006 1152 4047 et
1165 4002 1258 4053 diseu-

192 4064 248 4112 517.
267 4059 370 4122 Mortes]
386 4060 433 4106 Pro
452 4062 543 4122 sagittae
561 4061 693 4109 mortiferae.
718 4076 771 4107 reus
794 4062 822 4108 ad
845 4063 1032 4110 circumeundum
1054 4064 1127 4112 acleus
1145 4066 1256 4119 Caesaris,

159 4127 300 4176 Scelerissed
309 4124 421 4186 crimim]
433 4125 478 4173 Sed
488 4127 575 4173 scelere
585 4129 696 4174 vacabant
718 4124 823 4173 Horma.

159 4193 196 4240 iras
207 4193 296 4255 sagittae
314 4191 344 4236 ab
359 4191 464 4238 externis
479 4191 586 4252 gentibus
603 4191 627 4236 in
645 4192 694 4238 lle
750 4192 808 4239 524.
824 4190 929 4238 Subitam
946 4208 991 4240 aest
1009 4194 1072 4240 moth
1092 4196 1196 4245 condus
1214 4212 1258 4263 ιρ-

159 4272 240 4304 manas
254 4256 340 4304 missa.
361 4257 424 4302 netas
441 4256 581 4302 cumulatam
596 4256 695 4304 adnuae·
717 4253 788 4317 mm]
806 4256 981 4304 Gabortes'illss
1000 4257 1150 4308 subsidIauias
1167 4270 1257 4323 quet·

158 4321 308 4371 raateirlum
318 4319 426 4383 utrinque
436 4320 492 4381 pila.
595 4352 598 4357 <
711 4319 892 4376 .aeiei,at1000.
903 4322 1030 4383 peditibus.
1214 4368 1219 4379 ,

192 4389 248 4437 510.
265 4385 396 4435 Earemam
422 4385 536 4436 maculant
560 4382 693 4451 chalybem]
750 4387 806 4436 525.
824 4384 960 4437 immonem
971 4402 1065 4452 pegae,
1079 4386 1142 4456 dea]
1153 4390 1258 4457 Pupa-
