2784 4860
340 323 563 395 CIVILIS
607 319 786 388 BELLI
832 317 942 395 ΜΒ.
975 317 1027 383 Χ.
1177 316 1244 383 477

181 504 239 568 Sic
253 502 348 578 uelut
368 503 404 564 in
418 505 492 564 tuta
507 498 619 562 securi
635 516 722 580 pace
737 495 916 560 trahebant
1014 477 1016 483 '

138 615 265 682 Noctis
284 614 347 677 iter
361 588 488 675 mediae
496 631 503 674 :
527 611 589 678 sed
604 616 674 674 non
687 627 816 672 vesana
830 604 969 670 Pothini

139 728 239 793 Mens
255 726 386 789 imbuta
400 722 505 786 semel
526 727 596 786 tam
612 717 833 794 sacracaede‚
849 716 996 780 vacabat
1252 803 1255 806 .
1353 791 1355 795 ι

138 837 356 903 Aseelerum
368 838 474 898 motu.
521 831 650 914 Magno
668 829 752 894 nihil
773 827 835 891 ille
850 829 1027 910 perempto
1178 823 1246 889 335

137 948 161 1012 J
163 968 219 1011 am
235 951 333 1030 putat
346 964 423 1008 esse
438 943 556 1008 nefus:
579 942 733 1006 habitant
747 941 811 1004 sub
826 944 966 1026 pectore
987 956 1117 1014 manes,

140 1058 358 1140 Ultricesque
378 1056 464 1122 Deoe
486 1055 617 1119 dantia
636 1071 727 1116 nova
741 1034 891 1115 monstra
911 1048 1069 1116 furorem.

140 1169 308 1250 Dignatur
323 1167 411 1230 viles
426 1165 493 1228 isto
510 1184 646 1247 quoque
662 1162 825 1244 sanguine
841 1159 991 1236 dexhas,

140 1279 221 1356 Quo
245 1279 397 1343 Fortuna
410 1282 510 1360 parat
523 1277 634 1340 victos
650 1272 849 1358 perfundere
866 1271 1005 1348 Patres;
1095 1305 1098 1309 >
1250 1360 1253 1364 .

140 1391 319 1472 Poenaque
336 1389 448 1454 civilis
463 1387 556 1464 belli,
572 1392 606 1450 et
620 1372 773 1449 vindicio
786 1383 934 1446 Senatus
1024 1416 1029 1425 ·
1178 1378 1251 1474 34θέ

141 1501 235 1564 Pene
252 1500 332 1563 data
347 1505 400 1564 est
416 1499 556 1562 famulo.
579 1495 701 1582 procul
714 1493 780 1557 hoo
796 1492 937 1557 avertite
957 1491 1030 1557 fata

140 1611 287 1688 Crimen,
308 1616 346 1674 ut
366 1611 441 1675 haec
464 1609 571 1673 Bruto
592 1607 710 1677 cervix
730 1606 869 1670 absente
884 1607 1028 1670 secetur.

140 1721 183 1784 In
199 1721 312 1784 scelus
332 1720 359 1782 it
374 1718 536 1782 Pharium
552 1717 701 1800 Romani
720 1735 826 1800 poena
844 1715 988 1798 tyranni,

140 1831 413 1913 Exemplumque
428 1828 529 1912 perit.
542 1828 640 1892 struit
652 1827 767 1891 audax
781 1827 875 1891 irrita
886 1826 978 1903 fatie,
1247 1905 1252 1916 Ἰ,

139 1942 217 2010 Nec
232 1947 331 2024 parat
346 1941 491 2004 occultae
508 1939 639 2013 eaedem
654 1940 862 2004 committere
877 1938 1006 2002 fraudi:
1146 1965 1157 1970 ‘⁴
1177 1935 1254 2012 ³45,

140 2051 379 2134 Invictumque
394 2050 517 2114 ducem
529 2049 663 2117 detecto
677 2050 788 2114 Marte
802 2049 953 2114 lacessit.
1203 2034 1206 2040 ¹

141 2162 289 2225 Tantum
303 2162 406 2226 animi
419 2162 545 2233 delicta
555 2161 692 2255 dabant,
707 2166 745 2225 ut
760 2161 850 2225 colla
864 2159 962 2224 ferire

142 2271 302 2349 Caesaris,
319 2278 353 2336 et
363 2293 517 2336 socerum
528 2272 626 2356 jungi
640 2271 714 2349 tibi,
731 2271 869 2354 Magne,
875 2271 1027 2355 juberet:

142 2380 258 2465 Atque
271 2384 347 2447 haee
363 2385 456 2448 dicta
467 2390 581 2449 monet
594 2384 741 2448 famulos
756 2382 901 2465 perferre
912 2382 1035 2453 fideles·
1055 2373 1062 2392 ‘

143 2581 193 2630 :339
204 2587 274 2625 tante.
389 2584 437 2629 332
448 2589 564 2642 secutusp.
575 2579 684 2626 trahebat.
814 2579 863 2624 334
878 2582 1004 2641 euerajetm,
1015 2594 1077 2625 socru
1086 2587 1139 2635 tum,
1149 2586 1242 2625 sueretu.

210 2647 258 2692 335
267 2645 303 2690 Au
313 2660 341 2691 sc.
408 2649 456 2696 335
467 2646 507 2692 nu.
573 2649 622 2694 337
630 2645 721 2690 umbre.
788 2644 835 2689 337
840 2642 940 2705 jurares.
1006 2643 1175 2693 338Plurias.1

144 2709 194 2762 339
201 2718 272 2768 peret.
427 2714 475 2764 340
485 2710 544 2767 belli,
552 2712 597 2757 uin.
760 2707 807 2755 347
812 2707 906 2771 feriret.
1069 2711 1117 2758 349
1126 2705 1243 2772 preferre.

179 2877 235 2922 333.
253 2876 289 2921 Sic
300 2878 361 2923 uelut
372 2879 395 2923 in
407 2885 466 2933 tuto,
482 2877 539 2940 dre]
556 2878 683 2942 llujusnro-
741 2877 789 2924 343
815 2874 951 2924 Itseelusiu
972 2876 1101 2939 Paruum]
1120 2876 1244 2938 AEgyptio-

145 2939 172 2986 di
184 2941 307 3000 colloquiis
319 2949 389 2988 totam
404 2951 504 3003 noctem,
521 2943 587 3003 quasi
596 2944 683 2989 nullum
708 2957 759 2993 rum
770 2949 852 2988 conatu
861 2949 885 2987 et
895 2941 993 2994 insidiis.
1005 2959 1018 2989 a
1028 2943 1111 3002 quibus
1126 2942 1188 2988 nefas
1200 2949 1244 3000 eet,

147 3012 210 3052 esset
220 3007 314 3060 bellum,
326 3015 467 3055 exemerunt.
486 3010 517 3054 Et
531 3009 565 3055 sic
574 3024 642 3071 porro
654 3009 683 3054 ad
709 3022 761 3052 eurn
771 3006 853 3052 occidi.
864 3005 968 3054 Horten.
979 3006 1008 3054 Ic
1015 3009 1085 3054 scelus
1096 3009 1114 3058 ir
1123 3007 1242 3064 Pharium,

146 3071 265 3115 historiam
276 3072 343 3118 redit.
362 3072 466 3118 Herterrs.
709 3069 766 3132 dec]
788 3072 861 3117 Poeue
880 3086 893 3116 a
909 3073 1000 3118 (laesare
1019 3078 1113 3133 tyranno
1132 3089 1158 3119 su
1184 3073 1244 3119 ende

181 3136 237 3181 334.
256 3135 341 3197 Cede]
360 3138 474 3198 Pompeii.
710 3137 820 3185 Romanis
839 3151 898 3202 pene
914 3137 999 3183 fectum
1010 3138 1144 3184 eratscelue
1186 3153 1244 3199 gyp-

180 3201 237 3248 335.
256 3199 341 3263 Magno
354 3210 465 3270 perempto
480 3201 547 3258 uiuit,
567 3201 625 3266 dec]
645 3203 684 3248 In·
709 3201 801 3258 tiorum,
813 3207 836 3248 et
846 3200 997 3261 tyrannicidae
1005 3202 1154 3263 gloriamque
1166 3219 1244 3267 exem-

147 3265 245 3311 terfecto
257 3268 306 3325 jam
322 3267 443 3327 Pompeio,
459 3266 535 3313 omnia
553 3267 597 3313 sihi
613 3267 684 3313 licere
709 3267 773 3328 plum
783 3281 856 3328 prope
866 3267 973 3326 perierat.

148 3329 295 3376 existimabat
301 3347 307 3388 5
317 3347 372 3392 ergo
380 3348 465 3380 novum
472 3332 547 3379 scelus
553 3332 628 3378 animo
637 3333 685 3392 agi-
742 3333 798 3379 344.
817 3330 990 3392 Exemplumque
998 3331 1077 3394 perit]
1089 3331 1158 3388 Quod
1167 3328 1244 3394 tyran·

148 3396 218 3440 tabat.
237 3394 340 3442 Horteus.
710 3412 753 3443 nus
759 3396 892 3458 jureusuis
904 3396 987 3442 debeat
997 3396 1080 3443 occidi
1106 3395 1174 3443 Hm.
1200 3398 1245 3444 Vel

182 3461 238 3506 336.
256 3459 355 3523 Marwa]
374 3460 458 3507 Umbra
470 3461 583 3522 Pompeii.
710 3462 795 3507 factum
817 3460 891 3515 Bruta
909 3462 971 3521 quod
988 3461 1022 3519 sit
1040 3461 1199 3521 posteritatem
1220 3463 1244 3509 in

182 3527 238 3571 337.
258 3523 321 3570 Dant
335 3528 360 3572 iu
378 3541 432 3572 nove
450 3536 548 3573 mouera
559 3525 685 3590 furorem]
711 3527 827 3586 Tyrannus
843 3526 1003 3572 crcltaturum.
1021 3523 1101 3586 Sulpit.
1128 3525 1199 3573 Irrita
1202 3526 1245 3592 fc-

150 3590 261 3637 Exeitant
272 3591 368 3636 hominis
377 3590 476 3637 animum
487 3594 516 3637 ad
527 3607 612 3640 norum
625 3592 687 3638 furo·
711 3590 759 3653 tia]
776 3590 835 3647 Quae
844 3591 867 3635 in
875 3591 929 3636 fatis
938 3607 981 3636 non
992 3596 1041 3636 erat
1051 3590 1167 3653 perficere.

150 3670 207 3711 rem,
219 3662 242 3700 et
260 3656 357 3701 immane
375 3656 451 3702 scelus
470 3657 608 3713 audendum,
625 3657 686 3717 quod
744 3659 800 3706 345.
819 3653 866 3701 Nec
880 3664 949 3715 peret
958 3656 1057 3712 occulte,
1073 3655 1129 3718 ἂψ]
1148 3657 1204 3704 Erat
1223 3657 1248 3703 iu

150 3735 209 3765 nunc
220 3736 275 3765 noua
286 3728 382 3766 mouera
393 3721 500 3780 appellat.
519 3721 622 3767 Hortens.
712 3720 872 3782 procuratione
889 3720 955 3782 regni
968 3727 1063 3781 propter
1073 3728 1164 3768 aetutem
1178 3723 1245 3783 pueri

184 3787 239 3833 338.
258 3783 343 3848 Miles]
356 3787 460 3831 Eunuchi
472 3786 567 3833 Pothini
576 3791 600 3832 et
610 3786 687 3832 Achil·
712 3787 822 3837 nutricius
840 3787 889 3845 ejus
907 3787 1023 3833 eunuchus
1035 3786 1156 3832 Pothinus.
1167 3786 1188 3834 is
1199 3787 1247 3848 pri-

152 3850 187 3895 lae.
207 3848 252 3896 leto
266 3865 355 3910 querque,
372 3849 429 3911 &e.]
448 3851 556 3906 Caesarie,
574 3857 600 3897 ut
618 3851 687 3903 modo
712 3867 774 3904 mum
783 3851 842 3897 inter
853 3865 907 3896 suos
918 3852 983 3910 queri
994 3857 1063 3911 etque
1073 3851 1186 3914 indignari
1198 3865 1246 3899 οω-

151 3916 264 3974 Pompeii.
712 3916 764 3976 pit,¹
772 3931 850 3978 regem
862 3916 890 3960 ud
902 3915 1022 3962 dicendum
1032 3917 1124 3963 causar'n
1136 3917 1229 3964 evocari
1241 3933 1246 3963 :

185 3983 239 4025 340,
259 3977 448 4039 Purruqueciur'tis
456 3979 513 4037 belli,
525 3980 688 4045 &c.]Petru1n
713 3981 796 4028 deinde
816 3980 932 4040 adjutores
952 3982 1188 4041 quosdemconscios
1211 3982 1247 4029 sei

152 4052 176 4091 et
187 4045 254 4090 Bruti
264 4044 351 4090 dextris
363 4052 449 4104 ereptae
459 4046 573 4093 libertatis
591 4045 688 4092 vindici·
712 4053 792 4092 nactus
801 4061 831 4091 ex
842 4045 913 4106 regiis
920 4046 1007 4102 amieis,
1018 4045 1147 4094 exercitum
1156 4063 1170 4092 e
1180 4047 1249 4094 Pelu-

152 4113 195 4156 hus
205 4110 296 4163 lutaris,
306 4125 365 4168 pene
375 4111 526 4171 praeripuerat
536 4110 635 4157 Caesaris
644 4125 688 4156 uae·
713 4111 749 4156 sio
756 4109 1248 4173 clarnAlexandriamevocaritatqueAchil·
1284 4136 1287 4142 ·

152 4175 206 4220 dern
216 4174 313 4221 famulus
324 4175 444 4221 Pothinus.
712 4175 766 4230 lam,
778 4191 846 4236 quem
855 4176 1038 4236 omnibuseopiiu
1049 4178 1185 4238 prefecerat
1191 4177 1249 4223 inci·

185 4241 240 4286 343.
265 4238 338 4284 Bruto
364 4240 443 4296 cervia
465 4238 522 4302 den]
556 4240 590 4286 M.
614 4239 688 4285 Bruto
713 4247 784 4287 utum
797 4241 959 4303 suie,etregis
979 4241 1081 4287 inflatum
1090 4241 1253 4302 pollicitationi

152 4304 252 4351 Cereus
274 4304 419 4358 interfectore
440 4306 525 4361 futuro,
543 4305 583 4352 lib.
606 4308 629 4351 7.
652 4319 687 4351 ve.
713 4307 766 4361 hur,
782 4321 833 4366 quae
855 4306 905 4352 fieri
923 4306 1000 4361 vellet,
1021 4306 1095 4353 literis
1117 4307 1250 4370 nunciisqu-

153 4372 207 4417 586.
334 4371 336 4374 ’
714 4370 813 4418 edocuit.
831 4371 890 4418 (tes.
902 4386 961 4418 com.
971 4371 1016 4418 civ.
1028 4371 1083 4418 bell.
1095 4373 1119 4421 3.
