2784 4860
434 353 678 432 LUCANI.
724 353 837 420 LIB.
874 351 960 420 VII.

138 536 350 618 Purpureum
365 553 410 596 ex
423 534 572 597 humeris
587 531 701 597 subito
717 527 847 592 divellit
861 522 1040 592 amictum,

141 646 348 728 Mirantique
365 645 457 709 Duci
472 645 618 728 primum
632 662 740 729 prope
756 634 891 723 gunura
904 639 1027 704 vulnus

144 757 215 821 Dat
230 756 353 820 Casca.
376 756 473 847 haud·
483 756 620 838 impune
637 755 794 837 quidem;
818 772 897 816 nam
911 751 1052 818 brachia
1066 749 1179 818 Casca

141 867 325 948 Transfigit
340 864 458 929 Caesar
471 867 682 949 primumque
697 863 874 928 ulciscitur
886 862 1004 940 ictum,

141 978 328 1042 Prosiliens
351 978 420 1040 alio
435 978 586 1040 tardatur
600 977 749 1053 vulnere,
767 976 875 1038 donec

141 1087 369 1152 Circumstare
384 1088 478 1152 videt
492 1087 618 1151 strictis
633 1088 839 1170 pugionibus
855 1104 985 1167 omneS,

141 1198 251 1262 Sentit
265 1220 302 1263 se
319 1198 437 1263 Caesar
451 1199 587 1263 funesta
600 1198 758 1280 indagine
775 1198 876 1280 cingi.

141 1308 186 1373 Et
201 1310 260 1392 qui
275 1311 416 1374 serratas
433 1309 538 1386 acies,
553 1310 745 1392 densasque
761 1314 917 1373 catervas

142 1418 310 1502 Rupisset
324 1420 425 1483 toties
442 1439 575 1502 campo,
591 1423 765 1503 tutamque
777 1436 842 1502 per
856 1419 973 1483 hostes

142 1528 287 1593 Fecerat
302 1550 383 1593 ense
398 1530 501 1607 viam,
516 1529 611 1593 nulla
625 1526 746 1594 virtute
759 1519 893 1612 togatas

139 1638 282 1702 Infidias
297 1639 404 1703 vitare
420 1644 544 1723 potest.
568 1640 723 1704 obvolvit
738 1640 864 1729 amictu

1092 367 1095 373 ’
1180 354 1248 457 599

140 1744 230 1811 Tum
246 1755 360 1832 caput,
376 1754 410 1813 et
423 1750 565 1826 vultum,
582 1749 663 1813 dum
678 1750 804 1814 Martia
817 1751 961 1832 pectora
972 1747 1104 1832 praebet
1223 1808 1228 1820 ,

140 1859 210 1922 Tot
224 1860 381 1923 manibus
396 1860 577 1939 fodienda;
600 1860 693 1942 tegit,
708 1859 926 1944 reprimitque
947 1859 1113 1943 querelas,

141 1969 198 2035 Ne
213 1976 341 2035 tantam
356 1971 468 2055 possit
483 1973 608 2054 gemitu
623 1991 835 2055 corrumpere
850 1971 988 2051 famam,

142 2080 277 2145 Interea
291 2083 396 2146 tacito
413 2102 530 2146 secum
544 2083 619 2146 haec
634 2084 669 2146 in
684 2088 823 2166 pectore
832 2080 993 2162 ‘volvens

142 2193 224 2257 Hoc
241 2195 372 2269 saltem,
389 2195 550 2270 Fortuna,
566 2196 691 2276 placet,
708 2195 801 2277 quod
815 2196 910 2259 nulla
925 2195 1072 2282 superbo.

142 2303 277 2369 Victori
294 2304 418 2386 capitis
433 2305 540 2368 nostri
555 2311 608 2370 est
622 2297 968 2389 concessap'otestaS,

142 2413 220 2478 Nee
236 2415 376 2478 Domini
387 2415 489 2498 jussu
504 2435 619 2499 pereo.
641 2420 809 2480 mactatus
823 2415 950 2498 iniquis

142 2525 296 2603 Insidiis
313 2547 400 2610 quas
416 2528 530 2591 Roma
543 2527 625 2590 mihi
640 2527 796 2610 subjecta
809 2525 954 2609 paravit,

143 2637 322 2702 Occumbo
339 2639 504 2722 Princeps
521 2638 634 2714 Orbis,
650 2627 891 2719 numerumque
908 2622 1059 2709 Deorum
1076 2691 1079 2695 .

139 2745 313 2811 Aucturus
328 2749 484 2830 posthac.
507 2750 642 2814 tandem
657 2768 717 2831 per
732 2748 872 2812 vulnera
892 2747 984 2810 mille

142 2858 290 2943 Spiritus
306 2861 469 2943 erumpit:
494 2863 597 2925 saevis
613 2861 672 2944 qui
688 2854 820 2942 semper
835 2859 871 2922 in
886 2859 988 2923 armis

142 2969 334 3036 Inviolatus
349 2977 431 3048 erat,
447 2973 585 3036 violatae
601 2970 742 3036 victima
756 2969 855 3053 pacis

143 3081 213 3145 Hie
231 3081 341 3145 cadit:
365 3086 467 3164 atque
482 3087 583 3163 togae,
600 3101 686 3164 quas
700 3081 792 3167 bello
805 3080 954 3155 laeserat,
976 3077 1069 3144 aedes

143 3192 225 3276 Ipse
242 3213 305 3259 suo
319 3194 466 3259 moriens
481 3193 653 3277 perfundit
667 3193 830 3275 sanguine
847 3189 976 3257 Caesar.
