2784 4860
304 368 614 435 sonorunu
644 367 824 434 aanor
855 338 1119 438 cririrs:
1193 355 1261 440 roi

148 545 308 621 Deerant,
329 550 389 609 aut
406 544 537 608 tumida
557 543 766 609 confractum
786 544 946 626 grandine
962 545 1109 611 coelum:

146 654 240 737 lpsee
259 655 333 738 jam
346 657 454 720 nubes
469 660 578 739 ruptae
598 675 701 739 super
721 675 816 720 arma
831 656 1016 734 cadebant,

146 763 190 828 Et
205 773 366 832 concreta
383 768 461 848 gelu
476 767 579 831 Ponti
593 767 688 830 velut
700 767 793 830 unda
806 767 936 830 ruebat·
1007 821 1009 824 ,

145 873 250 937 Victa
265 881 338 938 erat
354 876 481 957 ingenti
496 877 614 940 Tellus
629 877 720 954 nive,
739 877 899 959 victaque
916 879 997 942 coeli

146 984 279 1061 Sidera,
296 987 388 1049 vieta
407 987 658 1052 suishaerentia
672 987 811 1051 flumina
825 989 929 1071 ripis3

146 1093 308 1158 Nondum
326 1094 445 1159 Caesar
460 1101 551 1160 erat:-
574 1097 635 1162 sed
653 1114 811 1178 magnam
825 1097 928 1162 nixus
942 1099 983 1167 in
991 1098 1124 1165 hastam

146 1203 297 1268 Horrida
313 1207 443 1269 securis
459 1206 635 1290 frangebat
650 1209 822 1289 gressibus
838 1228 930 1274 arva.

146 1311 269 1392 Qualis
284 1316 464 1381 Caucasea
477 1318 657 1382 decurrens
673 1317 798 1382 arduus
815 1337 893 1382 arce
1017 1356 1035 1393 0

144 1424 485 1509 Amphitryoniades3
509 1434 567 1492 aut
586 1433 684 1493 torvo
699 1427 835 1510 Jupiter
850 1445 920 1506 ore,

146 1534 261 1613 Quum
284 1559 320 1602 se
343 1540 526 1603 verticibus
541 1540 654 1621 magni
678 1538 815 1603 demisit
828 1537 978 1622 Olympi,

144 1647 188 1711 Et
201 1650 425 1730 periturorum
441 1649 577 1732 disjecit
592 1635 661 1713 tela
676 1649 871 1732 Gigantum.
916 1685 919 1690 ν
941 1703 943 1708 .
1051 1681 1053 1686 ·
1086 1686 1088 1693 ι

145 1757 237 1821 Dum
260 1758 377 1824 Caesar
391 1761 538 1824 tumidas
558 1762 665 1826 iratus
681 1761 839 1844 deprimit
854 1773 971 1826 arces:

146 1869 280 1934 Interea
300 1871 559 1935 volucermotis
576 1872 756 1936 conterrita
768 1871 891 1954 pennis

145 1979 251 2044 Fama
272 1982 376 2057 volat,
398 1981 588 2066 summique
607 1981 693 2064 petit
703 1981 789 2064 juga
804 1981 898 2044 celsa
913 1979 1045 2045 Palati:

144 2089 257 2174 Atque
273 2092 338 2155 hoc
360 2092 518 2156 Romano
535 2093 677 2158 attonito
701 2080 765 2155 fert
782 2091 896 2156 omnia
917 2092 1034 2173 signa:

142 2200 222 2265 Jam
237 2204 366 2267 classes
384 2203 514 2267 fluitare
534 2202 631 2279 mari,
646 2207 805 2284 totasque
827 2221 888 2284 per
902 2201 1012 2285 Alpes

144 2312 287 2376 Fervere
313 2313 484 2380 Germano
500 2313 656 2398 perfusas
678 2313 840 2394 sanguine
855 2319 994 2377 turmas.
1048 2374 1050 2378 Α
1120 2339 1124 2344 ·

143 2414 259 2499 Arma,
282 2443 391 2500 cruor,
407 2426 532 2502 oaedeS,
549 2425 718 2502 incendia,
734 2430 874 2507 totaque
889 2423 981 2499 bella

141 2531 230 2596 Ante
255 2536 375 2598 oeulos
391 2537 544 2600 volitant.
569 2555 648 2617 ergo
668 2536 805 2618 pulsata
819 2533 964 2597 tumultu

142 2645 288 2709 Pectora
308 2666 369 2730 per
385 2647 507 2710 dubias
530 2647 728 2710 scinduntur
742 2646 857 2709 territa
873 2663 1008 2708 causas.

142 2755 236 2821 Huic
252 2758 333 2839 fuga
348 2779 409 2841 per
423 2763 540 2834 terras,
557 2757 607 2849 illi
623 2756 732 2836 magis
746 2755 838 2818 unda
857 2754 1039 2838 probatur3

142 2867 187 2931 Et
202 2871 313 2951 patria
328 2875 381 2933 est
403 2868 535 2934 Pontus
546 2868 620 2952 jam
633 2867 747 2930 tutior.
771 2869 823 2928 est
837 2861 959 2947 magis,
976 2884 1069 2929 arma

142 2977 212 3057 Qui
227 2985 355 3044 tentata
369 2981 470 3044 velit:
493 2980 641 3061 fatisque
652 2975 853 3060 jubentibus
869 2980 978 3052 actus,
1068 2963 1069 2966 ¹
1108 2974 1110 2977 ’

142 3090 315 3169 Quantum
336 3094 480 3175 quisque
495 3091 601 3167 timet,
616 3092 747 3153 tantum
765 3086 862 3173 fugit.
885 3086 981 3152 ocior
994 3086 1070 3170 ipse

142 3202 220 3266 Hos
238 3204 323 3267 inter
344 3209 456 3268 motus
474 3202 635 3286 populus,
652 3197 844 3264 miserabile
859 3197 948 3276 visu

142 3311 220 3391 Quo
241 3333 336 3376 mens
352 3315 422 3377 icta
431 3314 540 3396 jubet,
558 3312 691 3376 deserta
715 3309 849 3373 ducitur
862 3309 965 3374 urbe..
1061 3373 1067 3390 ,

141 3422 278 3487 Gaudet
292 3424 406 3488 Roma
423 3424 516 3505 fuga,
539 3421 768 3508 debellatique
787 3419 938 3499 Quirites

141 3532 302 3598 Rumoris
325 3535 438 3598 sonitu
452 3533 631 3598 moerentia
645 3535 737 3596 tecta
750 3530 953 3613 relinquunt.

141 3645 204 3709 Ille
220 3666 323 3709 manu
338 3646 471 3729 trepida
485 3651 585 3710 natos
600 3648 710 3708 tenet:
733 3641 791 3704 ille
811 3645 953 3723 penates

141 3757 300 3820 Occultat
316 3758 455 3840 gremio,
473 3757 753 3840 deploratumque
768 3751 928 3834 relinquit

141 3867 271 3943 Limen,
288 3874 321 3931 et
334 3870 509 3932 absentem
524 3867 615 3932 votis
631 3864 788 3929 interficit
802 3863 945 3928 hostem.

142 3978 227 4042 Sunt
242 3978 301 4060 qui
317 3977 520 4060 conjugibus
535 3976 714 4040 moerentia
735 3979 877 4059 pectora
888 3973 1043 4057 jungant,
1083 4058 1086 4064 .

140 4073 421 4172 Grandaevosque
436 4093 572 4170 patres;
596 4086 775 4168 onerisque
795 4084 913 4165 ignara
926 4081 1090 4168 juventus

138 4199 203 4276 Tu,
226 4221 288 4283 pro
306 4219 374 4283 quo
395 4200 525 4276 metuit,
542 4203 672 4263 tantum
691 4197 804 4261 trahit.
827 4194 943 4266 omnia
954 4207 1074 4265 secum
1155 4225 1160 4235 ·

140 4310 210 4377 llic
231 4311 324 4375 vehit
339 4308 545 4393 imprudens,
560 4308 781 4453 preedqmque
796 4304 832 4371 in
844 4303 966 4389 praelia
985 4301 1089 4368 ducit.

703 4409 718 4451 s
