2784 4860
339 327 561 396 crvrars
584 331 799 430 ,esaar
827 334 939 420 ara,
976 332 1039 419 rvs.
1172 330 1242 402 reo

139 498 208 566 Aut
226 522 362 584 sperare
378 503 508 585 fugam:
533 507 724 589 ceciditque
739 509 775 572 in
790 514 901 592 strage
923 530 1072 591 suorum.-
1245 505 1250 531 ⁸

139 611 289 695 Impiger
304 613 348 676 ad
362 613 478 689 letum,
495 620 529 678 et
542 615 639 705 sortis
653 617 775 681 virtute
783 624 924 682 coacta.

180 719 275 798 Quid
289 743 378 786 nnnc
400 729 511 787 rostra
532 726 595 788 tibi
609 733 752 807 prosunt
766 728 911 805 turbata,
935 728 1125 812 forumque,

137 831 238 896 Unde
259 833 451 897 Tribunitia
465 836 621 916 plebeius
637 836 775 918 signifer
794 856 872 901 arce
1173 837 1252 931 800,
1275 883 1279 889 ν
1370 880 1372 886 ¹

136 940 244 1005 Arma
258 943 367 1006 dabas
382 944 546 1026 populisi
571 946 653 1027 quid
668 947 804 1028 prodita
817 948 897 1032 jura
911 948 1068 1027 Senatus,

138 1051 183 1114 Et
197 1072 310 1133 gener,
327 1058 429 1135 atque
445 1073 544 1118 socer
557 1055 648 1118 bello
665 1074 862 1143 concurrere
877 1058 993 1140 jussit
1014 1129 1018 1136 ,

137 1163 229 1228 Ante
239 1164 350 1247 jaces,
374 1182 477 1245 quam
493 1163 566 1226 dira
580 1163 686 1227 duces
707 1164 888 1230 Pharsalia
907 1168 1047 1246 confert,

138 1273 438 1357 Spectandumque
456 1273 520 1335 tibi
534 1273 660 1336 bellum
676 1275 777 1339 civile
796 1258 955 1357 nodatum
970 1283 1040 1362 est,

139 1383 218 1447 Has
233 1383 309 1445 urbi
330 1383 463 1445 miserae
483 1373 597 1446 vestro
613 1382 655 1445 de
679 1385 842 1466 sanguine
858 1407 981 1469 poenas
1168 1387 1243 1453 805

140 1494 242 1559 Ferre
258 1494 367 1556 datis:
390 1493 485 1556 luitis
495 1493 616 1576 jugulo
632 1493 683 1556 sic
704 1513 798 1558 arma
812 1501 980 1578 potentes

140 1603 241 1668 Felix
256 1602 371 1666 Roma
387 1603 534 1684 quidem,
559 1603 720 1686 civesque
736 1603 894 1668 habitura
914 1606 1046 1682 beatos,

140 1713 178 1778 Si
192 1713 359 1776 libertatis
375 1712 508 1796 superis
523 1716 593 1776 tam
609 1733 691 1777 cura
704 1715 868 1796 placeret,

141 1822 256 1901 Quam
269 1806 561 1906 vindicta'placet.
606 1814 756 1906 Libycas
768 1845 810 1888 en
824 1825 939 1888 nobile
956 1842 1081 1908 corpus

142 1932 263 1996 Pascit
277 1953 371 2010 aves,
394 1934 488 1996 nullo
505 1937 681 1997 contectus
699 1933 802 2004 Curio
818 1936 931 1998 busto.
992 1980 994 1985 .
1177 1914 1247 2000 810'

142 2034 189 2108 At
203 2044 267 2108 tibi
277 2063 341 2108 nos
356 2042 510 2129 (quando
525 2064 594 2108 non
608 2044 759 2127 proderit
772 2045 840 2108 ista
855 2044 954 2108 silere

143 2153 175 2217 A
190 2155 316 2238 quibus
333 2159 431 2218 omne
445 2155 512 2218 aevi
528 2155 659 2218 senium
674 2173 738 2218 sua
751 2154 844 2218 fama
857 2153 1020 2240 repellit)

144 2264 257 2345 Digna
272 2265 404 2341 damus,
423 2265 572 2348 juvenis,
596 2265 725 2328 meritae
744 2265 919 2346 praeconia
933 2265 1025 2329 vitae.
1070 2282 1072 2288 ·

145 2372 251 2437 Haud
266 2375 370 2437 alium
385 2380 480 2438 tanta
495 2376 606 2438 civem
620 2374 697 2438 tulit
717 2365 831 2438 indole
848 2373 973 2451 Roma,

144 2481 213 2546 Aut
236 2485 292 2547 cui
307 2485 386 2566 plus
402 2485 495 2566 leges
511 2485 671 2549 deberent
684 2488 778 2547 recta
797 2485 963 2567 sequenti.
1162 2562 1165 2567 ¹
1180 2484 1246 2551 815

278 2657 327 2704 79⁷
342 2670 455 2718 superare.
650 2658 699 2703 800
715 2663 773 2703 orte.
969 2657 1015 2701 801
1033 2655 1107 2701 doirut.

428 2722 475 2769 806
490 2727 594 2781 petentes.
685 2744 688 2748 ⁴
798 2721 844 2769 807
862 2727 884 2766 et
897 2719 959 2766 cives.

175 2873 234 2918 ⁷99.
251 2870 313 2923 Quid
331 2886 399 2926 nuuc,
415 2869 474 2932 δια]
492 2870 624 2926 Insultatio,
641 2873 681 2918 ad·
742 2873 797 2918 806.
813 2869 965 2934 segalaria]
983 2874 1060 2919 Morte
1073 2879 1157 2920 restra
1174 2871 1246 2922 Artas

143 2937 205 2994 jecta
216 2935 421 2982 commiseratione.
707 2935 826 2997 polanos]
844 2935 929 2982 Contra
941 2937 1064 2997 Rempuhl.
1074 2943 1188 2997 suscepta.

177 3003 234 3048 800.
254 2998 321 3046 Unde
339 2998 474 3054 Tribunitio,
492 2999 549 3062 dte]
575 3001 682 3047 Tribuni·
742 3003 797 3048 808.
815 3000 839 3047 si
849 3001 957 3048 libertatis
967 3003 1061 3061 supera
1079 3001 1134 3064 δια]
1153 3002 1180 3048 si
1188 3003 1246 3050 deos

145 3063 185 3110 tie
195 3064 318 3110 conciones
334 3080 378 3110 non
393 3080 445 3111 raro
456 3066 546 3111 suerent
556 3065 637 3125 populi
648 3066 682 3110 in·
708 3078 774 3124 sequa
790 3072 895 3126 tangeret
913 3081 968 3112 eura
986 3066 1120 3128 indulgendi
1138 3065 1206 3112 nobis
1218 3068 1247 3113 li·

146 3128 277 3181 eitemente,
293 3129 432 3174 seditionum
449 3130 519 3184 saeos,
538 3129 635 3175 classica
646 3136 682 3175 tu·
708 3128 805 3175 bertatis
823 3137 959 3185 assertores,
983 3147 1051 3190 quam
1071 3130 1197 3177 ulciscendi
1217 3131 1248 3178 li·

145 3193 265 3238 mulinum.
298 3193 369 3238 Curio
389 3200 464 3239 autem
484 3193 537 3238 trib.
560 3194 592 3253 pl.
610 3196 684 3240 iuerat
709 3193 804 3239 bertatis
823 3209 981 3254 oppressores.
1023 3193 1071 3241 Nec
1087 3210 1194 3255 unquam,
1211 3195 1247 3241 irr-

147 3256 234 3302 Ceesari
249 3256 428 3311 inimicissimus,
444 3274 499 3303 mox
516 3259 543 3303 ab
561 3273 589 3303 eo
600 3258 683 3305 libera·
709 3258 867 3316 quitTacitus,
884 3259 1031 3305 atrocioribus
1039 3260 1116 3318 popelli
1127 3259 1190 3304 Rom.
1200 3260 1247 3306 edz-

146 3328 183 3368 tus
194 3337 240 3368 aere
251 3322 331 3381 grandi
342 3322 425 3377 alieno,
432 3323 609 3382 redemptusqua
620 3337 683 3376 auro,
709 3321 781 3376 dibus,
799 3325 895 3385 ramgisoe
907 3324 979 3383 justis
988 3323 1085 3382 ,judiam
1103 3324 1247 3383 opprubotum

147 3387 256 3432 acerrime
273 3401 316 3446 pro
335 3387 427 3434 Caesaxe
438 3388 510 3443 stetit,
528 3394 552 3432 et
572 3402 623 3432 eum
643 3387 684 3432 tri-
709 3394 747 3440 est,
766 3402 809 3431 non
827 3402 870 3433 esec
888 3403 949 3434 cura
968 3387 1021 3434 Deis
1038 3390 1181 3435 mercatorem
1197 3402 1246 3434 nos·

148 3450 218 3496 banis
231 3450 264 3511 pl.
283 3451 312 3496 ad
331 3453 443 3497 Cesaram
467 3467 497 3497 ex
517 3453 573 3497 urbe
591 3452 684 3497 tandem
710 3457 776 3503 trum,
793 3452 959 3498 essealtioncm.

148 3515 259 3576 profugit,
276 3531 322 3560 non
341 3530 426 3575 parvus
448 3514 503 3560 belli
523 3517 589 3574 hujus
608 3515 684 3562 civilis
743 3518 798 3562 810.
817 3513 888 3562 Nullo
899 3523 1011 3563 contectae
1030 3513 1247 3581 Curiobusto.]1u·

149 3578 283 3624 concitator.
297 3587 323 3624 ut
335 3581 350 3625 l.
360 3583 382 3624 1.
393 3596 427 3626 va.
440 3582 495 3625 170.
509 3579 553 3624 &a
709 3579 823 3633 humatus,
838 3581 918 3638 praeda
928 3580 1011 3626 avibus
1021 3579 1124 3641 Libycis.

180 3646 236 3689 801.
255 3642 370 3704 Prodita]
393 3643 449 3690 AEre
467 3651 576 3704 corrupta
591 3650 615 3690 et
631 3659 684 3706 pro·
743 3645 798 3688 811.
817 3643 913 3696 Quando
927 3660 980 3698 non,
997 3642 1052 3708 δια]
1070 3644 1118 3692 Cur
1135 3645 1197 3692 enim
1212 3652 1246 3694 ta·

148 3707 260 3766 ditaate⁴
567 3710 571 3718 “
710 3722 774 3754 ceam
786 3706 883 3754 virtutes
894 3709 944 3768 eius
958 3714 983 3754 et
1001 3710 1096 3756 merita?
1114 3725 1165 3770 quse
1180 3711 1248 3758 innu-
1286 3722 1291 3730 ’

182 3770 351 3834 eoadenen]
370 3771 496 3833 Pompeius
504 3780 528 3818 et
537 3773 615 3818 Caesar
622 3787 684 3818 com·
709 3771 780 3817 meris
798 3773 867 3818 seclis
888 3772 1033 3819 canescentia
1051 3788 1094 3834 per
1114 3789 1180 3823 omne
1202 3776 1248 3823 ari

149 3836 221 3884 missi.
709 3842 800 3894 tempus
811 3836 886 3897 plenis
897 3837 976 3898 gloriae
987 3837 1048 3884 velis
1058 3839 1165 3885 farentur.

181 3903 237 3948 803.
255 3899 314 3945 Ante
327 3902 397 3960 jaces,
423 3900 480 3961 dra]
508 3902 592 3960 Neque
610 3906 684 3948 tamen
743 3902 798 3946 811.
816 3901 908 3948 &oium
917 3901 1024 3963 repellit]
1043 3901 1090 3949 Pro
1099 3903 1215 3949 oblivione
1224 3910 1249 3950 et

150 3966 246 4026 contigit
262 3965 304 4009 tibi
324 3966 412 4011 exitum
424 3966 491 4026 hujus
502 3965 556 4010 belii
573 3965 597 4010 in
609 3981 685 4026 pugna
710 3971 838 4027 temporum
847 3965 931 4025 injuria
940 3971 1045 4025 usurpat,
1061 3982 1106 4026 qua
1116 3966 1152 4014 rei
1162 3982 1248 4015 merno-

149 4030 189 4076 itta
200 4029 330 4076 Pharsalica
338 4029 422 4075 videre.
709 4028 744 4075 ria
754 4029 890 4076 intercidere
901 4037 985 4090 potest.
1003 4029 1108 4078 Horten.

183 4098 238 4143 805.
257 4092 305 4139 Hae
324 4094 375 4138 urii
393 4092 487 4154 misera]
505 4092 595 4138 Deinde
614 4094 686 4138 Poeta
743 4094 799 4139 814.
823 4092 895 4140 Haud
915 4093 986 4139 otium
1007 4101 1078 4151 tanto,
1106 4094 1163 4158 dte]
1191 4097 1248 4144 Erat

151 4158 289 4219 ecphonesin
301 4172 364 4203 suam
377 4158 460 4203 avertit
477 4158 506 4202 ad
525 4156 628 4203 civitatis
638 4157 685 4215 pri·
711 4163 774 4204 oerte
786 4172 873 4204 samma
880 4157 965 4214 indole,
973 4158 1112 4218 eloquentiae
1125 4160 1193 4207 laude
1201 4162 1248 4207 ola«

149 4223 250 4277 marios3
271 4221 310 4282 qui
330 4222 400 4267 simili
420 4222 511 4267 fortuna
524 4222 588 4268 luant
607 4220 687 4266 civilia
710 4221 766 4278 ruit,
776 4220 854 4283 legam
864 4230 1023 4283 propugnator
1032 4225 1164 4280 acerrimus,
1175 4238 1246 4284 quan·

149 4287 220 4343 bella,
237 4301 288 4346 quae
302 4285 348 4346 ipsi
367 4287 404 4333 vel
420 4285 580 4342 concitarant;
596 4285 633 4330 rel
646 4301 687 4333 sua
712 4286 752 4334 dia
763 4285 909 4350 incorruptus
920 4287 985 4335 stetit
996 4284 1062 4352 Reip.
1076 4295 1157 4336 statas.

151 4351 279 4400 temeritate
298 4357 323 4397 et
333 4350 432 4398 amentia
440 4357 599 4411 susceperunt.
617 4348 685 4398 Hert.
