2784 4860
333 363 555 431 clvlms
597 361 777 431 13an
821 304 1051 429 ΙΑΙΒ.·.ΙἮῘ.
1179 356 1247 430 383

137 538 229 604 Tam
242 538 336 603 mala
358 539 529 624 Pompeii,
551 560 655 623 quam
676 556 843 625 prospera
856 536 1003 603 mundus
1020 538 1151 625 adoret.

141 648 273 733 Aspice
289 671 430 715 securus
442 653 538 716 vultu
551 671 621 715 non
636 652 793 737 supplice
808 669 926 733 regest

141 762 274 845 Aspice
289 782 472 846 possessas
490 764 605 844 urbes,
627 763 821 844 donataque
837 780 951 844 regne,
1046 809 1049 813 ψ
1152 784 1155 789 <
1177 758 1249 824 710

142 872 343 956 AEgyptum,
360 874 584 958 Libyamque,
596 856 631 939 et
642 879 748 938 terras
764 872 977 954 eligcmorti.

186 983 285 1048 Vidit
299 985 410 1066 prima
424 989 493 1048 tuae
508 985 606 1048 testis
621 984 762 1048 Larissa
775 983 882 1046 ruinae

144 1092 286 1168 Nobile,
301 1114 365 1157 nec
381 1094 510 1159 victum
524 1094 604 1159 fatis
620 1099 743 1177 caput:
767 1093 925 1158 omnibus
940 1092 1001 1156 illa

144 1202 290 1268 Civibus
305 1204 527 1270 effudittotas
542 1226 602 1288 per
616 1207 745 1270 moenia
760 1206 850 1270 vires

146 1313 261 1378 Obvia
276 1334 340 1379 ceu
355 1316 453 1380 laeto:
477 1317 686 1398 praemittunt
699 1337 839 1380 munera
859 1315 979 1381 flentes
991 1306 1017 1381 τ’
1180 1314 1249 1382 715

112 1478 122 1493 .
145 1425 308 1490 Pandunt
321 1427 460 1509 templa,
479 1427 620 1490 domos:
644 1429 761 1490 socios
783 1448 821 1490 se
837 1427 995 1493 cladibus
1017 1431 1146 1510 optant.

146 1537 289 1602 Scilicet
303 1538 469 1600 immenso
484 1539 640 1618 superest
654 1557 700 1601 ex
712 1538 848 1601 nomine
862 1539 1015 1616 multum,
1176 1536 1178 1541 ’

146 1647 266 1730 Teque
284 1650 395 1711 minor
415 1647 511 1711 solo:
535 1652 677 1711 cunctas
692 1648 865 1731 impellere
880 1653 998 1730 gentes

146 1758 283 1824 Rursus
298 1761 333 1822 in
356 1779 450 1823 arma
463 1764 575 1842 potes,
590 1779 783 1842 :rursusque
796 1761 832 1823 in
847 1760 919 1829 fata
933 1761 1054 1826 redire.

147 1869 219 1934 Sed
233 1871 316 1953 quid
338 1890 426 1953 opus
440 1871 533 1935 victo
547 1871 698 1954 populis,
712 1876 772 1935 aut
785 1871 944 1950 urbibus,
960 1872 1096 1955 inquitl
1182 1872 1250 1937 720

148 1980 284 2046 Victori
299 1987 460 2065 praestate
475 1982 587 2046 fidem.
619 1982 674 2046 Tu
688 1981 807 2047 Caesar
821 1984 858 2046 in
872 1983 942 2048 alto

149 2091 267 2157 Credis
282 2093 393 2156 adhuc
411 2093 547 2157 cumulo
562 2093 683 2176 patriae
698 2094 908 2175 perviscera
921 2095 1041 2160 radis:

149 2203 199 2267 At
213 2205 275 2267 tibi
285 2205 359 2288 jam
376 2205 525 2287 populos
549 2205 653 2276 donat
668 2223 780 2287 gener.
797 2206 911 2270 avehit
924 2191 1003 2272 inde

150 2312 356 2398 Pompeium
371 2317 526 2400 sonipes:
550 2316 707 2397 gemitus,
722 2317 951 2401 lacrymaeque
966 2323 1171 2402 sequuntur:

150 2423 370 2509 Plurimaque
386 2428 422 2491 in
437 2447 551 2494 saeros
566 2428 687 2512 populi
703 2429 862 2493 convicia
884 2429 994 2495 divos.
1188 2426 1254 2497 725

151 2615 201 2661 708
210 2614 291 2662 odiret.
382 2617 430 2665 715
441 2615 505 2663 lento.
593 2617 642 2663 715
648 2617 791 2676 promittunt.
880 2617 928 2663 716
940 2617 1033 2663 decled.
1127 2619 1178 2666 719
1188 2618 1251 2666 bello.

282 2681 331 2728 719
342 2679 435 2743 referre.
505 2681 651 2727 morcourt.
727 2679 897 2741 wlpraestere.
970 2681 1122 2728 lssttumulo.

185 2844 251 2892 709..
262 2841 333 2890 Vultu
347 2861 391 2890 uon
406 2843 523 2906 supplice]
540 2843 610 2891 Jubet
629 2859 690 2900 eum,
747 2845 804 2891 718.
823 2842 896 2906 Teque
913 2844 984 2891 minor
997 2842 1048 2899 solo,
1067 2841 1125 2908 δια]
1147 2843 1252 2891 Aliorum

154 2909 221 2954 vultu
230 2924 275 2955 non
287 2919 367 2955 rnaesto
385 2911 489 2970 aspicere
500 2916 536 2955 tot
545 2923 622 2968 reges,
633 2924 691 2968 quos
715 2908 823 2967 opinione
833 2924 899 2970 reque
909 2909 1054 2959 remundus
1074 2924 1101 2956 eo
1119 2908 1195 2972 prinu
1211 2920 1254 2957 stru
1291 2916 1294 2921 '

153 2973 178 3019 in
186 2975 430 3033 regnumrestituerit3
447 2981 471 3021 et
479 2975 547 3021 urbes
555 2989 611 3035 quas
621 2973 691 3020 liber·
715 2987 760 3019 non
768 2972 813 3030 ite3
823 2973 900 3035 rejicit
907 2973 985 3036 itaque
994 2973 1095 3020 rationes
1104 2981 1128 3021 et
1134 2989 1198 3034 spem
1204 2990 1252 3021 om·

154 3045 203 3085 tete
214 3039 312 3085 donarit.
330 3038 435 3086 Hostem.
715 3053 768 3085 nem
776 3039 924 3099 comparendi
930 3039 1010 3099 copies
1018 3045 1042 3085 et
1052 3039 1180 3086 renovandi
1188 3039 1251 3086 belli.

187 3105 244 3148 710.
262 3104 369 3151 Possesrus
392 3102 475 3165 urbm]
500 3102 690 3166 Pompeiopolim.
748 3102 1253 3167 719.Rursusquetnjtra-reutre.]lurum

152 3168 215 3214 libro
227 3170 250 3214 2.
263 3185 297 3216 vs.
313 3173 370 3219 578.
388 3168 521 3230 Dormteque
539 3185 618 3231 regne,
633 3168 691 3232 δια]
716 3167 830 3217 torturam
840 3176 936 3216 tentare.
949 3167 1039 3233 insutu
1048 3168 1143 3232 redire]
1155 3169 1183 3215 ln
1192 3169 1253 3216 bellu

154 3233 284 3294 AEgyptum
294 3234 430 3288 Ptolomaeo,
441 3234 480 3280 cui
488 3234 538 3295 ipre
555 3241 617 3281 tutor
628 3249 641 3278 a
651 3233 692 3281 Se·
717 3239 741 3279 et
750 3240 856 3280 mortem.
871 3233 953 3294 Serpit.

155 3304 212 3344 natu
229 3298 296 3345 datus
307 3301 394 3345 suerat:
411 3299 508 3359 libyum
526 3299 600 3353 Jubae,
612 3297 692 3359 'ligra-
749 3300 805 3345 720.
825 3295 907 3360 Victo]
924 3296 993 3354 Mihi,
1003 3295 1125 3360 Pompeio.

154 3364 179 3410 ni
187 3363 331 3420 Armeniam,
345 3364 455 3410 Pharnaci
463 3365 572 3422 Pontum,
583 3364 693 3411 Ariober-
749 3365 806 3410 771.
825 3360 929 3425 Victore]
963 3362 1058 3410 Caesari.
1093 3361 1129 3408 Tu
1159 3361 1254 3427 Crem]

155 3428 396 3489 nniCuppedociaru.
716 3428 863 3490 Apostrophe
873 3436 948 3489 poetae
960 3426 990 3473 ed
1000 3427 1123 3474 Caesarem.
1189 3483 1191 3489 Ι

190 3495 247 3540 719.
267 3491 330 3540 Vidit
337 3494 413 3554 prima
423 3502 476 3549 teae,
485 3492 528 3540 &a
559 3492 693 3555 Pompeius,
749 3495 806 3540 777.
823 3491 919 3539 Cumulo
930 3490 1013 3554 eadm]
1032 3490 1147 3550 (longerie
1157 3491 1254 3541 cedere·

156 3558 197 3604 nbi
205 3559 254 3618 jam
269 3564 342 3605 eastre
359 3559 488 3620 oppugnari
500 3566 524 3604 et
550 3565 624 3605 ostem
635 3558 694 3605 iutra
717 3573 775 3603 rum.
790 3555 857 3603 Vadis
871 3572 913 3617 per
923 3556 1025 3632 emera]
1042 3555 1124 3604 Galeas
1142 3557 1255 3607 “devera

158 3623 243 3672 vallum
260 3623 347 3670 versari
364 3624 431 3679 vidit,
450 3639 534 3684 equum
552 3629 642 3680 nectus,
654 3623 694 3669 de·
717 3629 743 3669 et
753 3622 828 3670 adhue
840 3622 917 3682 plures
927 3621 1045 3669 interficis.
1063 3619 1145 3682 serpis
1212 3670 1219 3679 ,

157 3688 239 3736 trectis
249 3687 378 3748 insignibus
394 3687 557 3749 imperatoriis,
568 3688 695 3735 decumana
750 3688 807 3734 723.
824 3685 855 3734 At
866 3687 906 3734 tibi
909 3688 961 3748 jem
971 3686 1069 3747 popubs,
1080 3683 1137 3750 δια]
1154 3685 1221 3749 Fuga
1232 3695 1256 3737 te

156 3761 260 3813 portare
271 3768 283 3798 e
294 3752 375 3799 castris
386 3753 461 3813 ejecit,
472 3750 624 3815 protinusque
635 3768 694 3814 equo
718 3751 831 3799 victorem
841 3757 939 3799 testatus
946 3751 1073 3811 Pompeius
1082 3750 1198 3812 permittit
1212 3752 1256 3800 tibi

157 3818 229 3866 citato
240 3818 356 3864 larissam
367 3818 494 3872 contendit,
504 3833 578 3879 neque
594 3817 628 3864 ibi
639 3834 695 3865 con·
718 3817 825 3878 populos.
838 3815 918 3863 Avehit
927 3815 987 3872 inde,
998 3814 1054 3879 δια]
1065 3816 1148 3876 Neque
1156 3816 1256 3866 larissa

158 3883 228 3940 stitit,
238 3882 282 3930 &a
295 3885 420 3929 Commeat.
431 3885 454 3929 3.
465 3885 525 3930 Caes.
719 3881 837 3939 constitit;
852 3881 893 3928 sed
905 3896 989 3954 paucos
998 3896 1091 3929 suorum
1101 3895 1132 3928 ex
1139 3882 1195 3945 ruge
1202 3899 1256 3931 uec·

190 3953 248 3997 713.
266 3946 353 4002 Nobile,
368 3946 424 4013 dte]
451 3946 608 3996 Constantiam
626 3953 695 4007 etque
719 3953 757 3992 tus
768 3944 1172 4002 nocturuoitmerenoniutennieeo,
1184 3948 1256 3995 comi:

158 4013 231 4061 enimi
241 4012 423 4073 magnitudinem
435 4012 535 4060 retinens
544 4012 568 4058 in
579 4013 648 4059 rebus
659 4019 695 4059 ut·
720 4017 768 4057 tutu
776 4011 879 4071 equitum
887 4009 980 4058 XXX.
988 4011 1018 4058 ed
1024 4026 1087 4058 mere
1094 4013 1207 4072 pervenit,
1216 4029 1256 4062 ue·

159 4094 249 4139 cunque
262 4077 376 4124 adversis.
720 4090 817 4136 remque
826 4075 998 4123 frumentariam
1008 4075 1152 4124 conscendit.

193 4147 250 4192 714.
268 4143 356 4190 Civibus
365 4139 453 4206 effudit,
464 4139 522 4204 &o.]
536 4139 643 4189 larissaei
652 4143 695 4189 bu·
752 4145 808 4192 ret.
826 4139 936 4196 Gemitus,
950 4141 1097 4204 hcrymaeque
1111 4144 1256 4206 sequentes]

160 4209 260 4256 maniter
269 4216 293 4256 et
304 4207 427 4254 honorifice
443 4214 543 4268 excepto
557 4222 625 4268 opem
639 4207 696 4258 offe·
720 4205 792 4254 Simul
811 4207 920 4269 oppidani
940 4205 1079 4268 Pompeium
1099 4205 1258 4254 discedentem

159 4280 222 4322 runt.
719 4271 827 4332 lacrymis
839 4271 973 4332 prosequuti
983 4271 1083 4328 uerunt,
1094 4276 1162 4332 atque
1177 4271 1202 4319 in
1214 4272 1257 4323 Di·¹

192 4339 250 4387 715.
268 4336 339 4386 Obvia
348 4352 391 4386 ceu
401 4336 471 4404 leto]
485 4337 602 4404 Tanquam
612 4336 697 4387 victori
722 4352 772 4394 vos,
784 4336 849 4397 quasi
867 4335 960 4398 iniquos
975 4336 998 4382 in
1018 4336 1061 4383 lue
1079 4351 1167 4398 pugne,
1182 4336 1256 4389 muta

160 4403 289 4466 procedens
299 4403 399 4454 obviem.
561 4450 564 4456 ,
721 4399 947 4467 conviciejeceruet.
962 4399 1068 4463 Horteet,
1089 4454 1092 4459 ⁴
