2784 4860
50 314 52 319 ’
156 360 201 427 ao
387 357 475 422 m.
519 354 722 423 sumar
768 349 994 420 nneaur

157 533 228 614 Qui
243 539 344 610 tenet,
362 539 395 598 et
409 533 503 616 ripas
519 530 629 607 Aturi,
648 549 718 614 qua
730 529 843 604 littore
859 545 964 592 curvo
1201 526 1271 593 400

110 730 111 733 ¹
157 645 309 709 Molliter
323 643 510 707 admissum
526 640 655 705 claudit
669 638 883 730 Tarbellicus
899 656 1030 721 aequor,

157 755 264 836 Signa
280 743 406 828 movet,
427 752 619 834 gaudetque
635 755 750 814 amoto
766 748 937 815 Santonus
951 748 1070 813 hoste:

156 865 202 930 Et
224 865 369 939 Biturix,
393 864 571 946 longisque
592 863 687 925 leves
705 861 896 924 Suessones
918 861 954 922 in
972 857 1096 924 armis:
1186 928 1189 931 ,

158 975 319 1058 Optimus
334 993 484 1039 excusso
502 973 638 1037 Leucus
654 970 875 1054 Rhemusque
896 971 1038 1046 lacerto,

156 1083 299 1168 Optima
314 1105 396 1166 gens
409 1084 509 1148 flexis
525 1084 560 1146 in
575 1103 693 1166 gyrum
709 1081 870 1165 Sequana
884 1081 1021 1146 fraenis:
1202 1070 1272 1146 426

79 1195 80 1199 ’
158 1197 203 1262 Et
218 1197 341 1261 docilis
361 1201 472 1260 rector
490 1194 626 1259 rostrati
649 1194 758 1275 Belga
779 1193 913 1257 comm:

158 1305 369 1389 Arvernique
386 1305 462 1369 ausi
477 1305 577 1368 Latio
594 1325 631 1368 se
646 1304 770 1385 fingere
792 1303 924 1377 fratrea,

158 1417 329 1498 Sanguine
347 1417 389 1480 ab
408 1415 518 1479 Iliaco
537 1415 679 1498 populi;
702 1415 910 1495 nimiumque
929 1409 1067 1477 rebellis

159 1526 321 1602 Nervius,
345 1531 379 1589 et
394 1526 478 1590 caesi
493 1526 645 1607 pollutus
661 1525 824 1606 sanguine
846 1523 977 1587 Cottae:

160 1632 204 1700 Et
219 1637 278 1719 qui
297 1640 329 1699 te
348 1635 438 1698 laxis
453 1635 625 1699 imitantur
640 1635 795 1698 Sarmata
810 1634 945 1697 braccis
1008 1645 1013 1652 '
1204 1631 1273 1698 43⁰

159 1745 357 1826 Vangiones
369 1726 384 1807 τ’
402 1745 594 1826 Batavique
609 1750 735 1819 truceS,
758 1764 846 1827 quos
863 1765 931 1828 acre
945 1763 1092 1808 recurvo

161 1855 347 1920 Stridentes
363 1875 484 1918 acuere
505 1855 617 1918 tubae:
642 1876 711 1937 qua
727 1854 836 1936 Cinga
852 1861 1002 1939 pererrat

161 1964 321 2046 Gurgite:
345 1986 415 2047 qua
430 1964 619 2029 Rhodanus
634 1971 769 2048 raptum
783 1966 962 2029 velocibus
976 1965 1080 2029 undis
1180 1984 1183 1988 ’

160 2103 209 2149 teo
222 2099 306 2162 Satyri.
352 2102 507 2146 ditassent.
556 2099 710 2148 ataadmuo.
753 2099 1272 2157 saesaaes‚8eeaus,saeoaes,saemm,

161 2190 253 2237 Axona.
285 2191 334 2236 424
347 2187 444 2234 Leucas.
476 2189 660 2237 ltdmoustreti.
693 2191 743 2235 407
751 2189 911 2252 diuersique(
929 2193 978 2239 427
990 2189 1071 2238 Latiis.
1103 2190 1248 2240 Banasa.

162 2303 277 2351 Mouetlu'r
293 2310 317 2349 et
335 2301 441 2350 Nemetis.
463 2306 515 2364 Quo
535 2304 596 2350 enim
616 2311 704 2350 tanturn
728 2305 800 2352 abati.
819 2304 918 2367 Conni]
937 2304 1049 2361 Curinus,
1061 2306 1192 2353 vehiculum
1203 2305 1271 2352 islon-

163 2369 220 2415 milri
236 2370 309 2414 laevus
321 2369 396 2414 abiret
412 2376 490 2428 poeta,
507 2369 596 2416 relietis
608 2369 704 2430 Aquita·
730 2378 778 2416 tum
799 2378 843 2425 est,
865 2373 931 2430 cujus
952 2371 1037 2417 multus
1056 2387 1112 2417 usus
1134 2371 1186 2426 fuit,
1208 2371 1271 2430 apud

124 2477 130 2481 ,
162 2433 207 2487 nis,
219 2434 247 2479 ad
260 2433 334 2492 ripam
347 2433 437 2480 Rheni?
729 2435 810 2482 Gallos
822 2442 846 2482 et
855 2435 979 2482 Britannos
991 2436 1016 2482 in
1026 2436 1113 2496 praelio.
1247 2483 1249 2486 ,

194 2501 251 2544 420.
270 2498 348 2552 Aturi,
368 2497 425 2558 dec]
448 2498 483 2544 ΡΙ.
500 2499 661 2546 'l‘arbellorum
679 2499 704 2546 in
762 2503 818 2546 427.
843 2501 991 2562 Arvernique,
1002 2500 1059 2562 δια]
1079 2500 1187 2562 Lesgeas
1196 2499 1271 2547 dsu-

163 2563 292 2624 Aquitanin.
313 2563 375 2608 Ades
386 2563 422 2609 vel
436 2562 510 2609 Dour.
729 2579 820 2628 vergne,
839 2566 949 2612 videntur
960 2581 1004 2625 pro
1021 2566 1113 2612 Hednis
1123 2564 1203 2625 positi,
1221 2563 1272 2624 qui·

161 2642 164 2645 ·
196 2631 252 2677 421.
270 2627 364 2674 Claudii
384 2627 522 2674 Tarbellicus
539 2628 633 2690 equora]
657 2631 704 2674 Au·
730 2631 772 2675 bns
790 2637 843 2675 suut
859 2631 940 2676 vieini.
966 2631 1045 2676 Hedui
1064 2638 1139 2676 autem
1156 2629 1226 2688 primi
1245 2629 1272 2676 iu

162 2707 203 2738 eeu
214 2693 321 2739 emendat
332 2693 443 2752 Scaliger.
462 2691 600 2739 Tarbellicus
611 2693 703 2754 tequea]
729 2695 785 2740 urbe
801 2698 843 2756 jus
864 2696 940 2754 adepti
960 2702 1028 2752 surit3
1046 2696 1125 2741 dotum
1144 2694 1170 2739 id
1184 2690 1274 2757 sederi
1349 2717 1352 2721 ⁴

162 2757 267 2813 Tarbeia,
296 2757 408 2817 oppidum
426 2757 557 2817 aquitanie
579 2761 704 2818 Stephano,
729 2759 830 2818 antiquo,
842 2767 864 2804 et
875 2761 929 2820 quia
938 2759 979 2806 soli
992 2757 1111 2806 Gallorum
1114 2757 1273 2822 fraternitatis

165 2820 244 2877 Terbe,
254 2823 295 2868 sed
305 2823 409 2881 iosepho
420 2823 480 2868 Scal.
502 2822 574 2882 Auqn.
729 2838 808 2870 nomeu
831 2839 883 2869 cum
901 2839 952 2884 pop.
973 2822 1037 2868 Rom.
1057 2831 1177 2884 enutriant.
1194 2821 1271 2869 theia
1296 2849 1300 2860 .

195 2890 252 2934 422.
265 2886 431 2949 Signumcvet]
443 2887 559 2934 Discedit.
572 2886 703 2948 Santonus]
729 2888 745 2934 l.
755 2891 793 2935 11.
804 2889 884 2934 etCic.
895 2889 922 2934 ad
928 2887 1063 2935 Trebatium
1072 2892 1095 2934 7.
1103 2889 1159 2935 etad
1167 2887 1237 2934 Attia.
1248 2891 1270 2934 1.

140 2962 143 2968 ‘
164 2950 247 2996 Gallice
265 2951 395 3010 Aquitaniae
412 2966 466 3010 pop.
489 2967 517 2997 ea
536 2952 602 3012 regio
624 2946 704 2998 quc-
762 2956 818 3002 428.
831 2951 998 3013 lliucopopub,
1014 2953 1200 3015 &e.]'l'rojsno;
1217 2967 1272 3012 prof

163 3016 245 3078 teigne.
267 3014 354 3076 Hoste]
368 3016 547 3069 Romanunm
560 3017 632 3062 hoste.
731 3017 793 3063 ditur
803 3018 865 3063 enim
874 3019 1015 3066 Antenorem
1023 3018 1169 3066 exstruxisse
1179 3017 1273 3064 Clarum

196 3083 253 3128 423.
286 3079 398 3140 Bucam]
433 3080 514 3125 Gallie
541 3080 619 3140 Aquit.
649 3082 705 3127 urbs
729 3090 838 3128 montem.

164 3142 272 3206 Bourges.
296 3146 356 3191 forte
374 3145 412 3204 qui
432 3145 550 3205 Bituriges
570 3144 707 3192 Bourdeeur
763 3150 819 3195 499.
842 3144 961 3209 Nervius]
992 3147 1073 3196 Gallias
1095 3147 1197 3208 Belgicae
1215 3160 1271 3207 pop.

165 3208 291 3272 longisque
314 3208 388 3270 leues]
418 3209 501 3256 Hastis
521 3224 645 3271 pugnaces,
668 3211 706 3256 vel
730 3211 888 3258 ferocissimus
908 3213 936 3258 de
954 3211 1067 3276 Teusauy.
1091 3212 1146 3259 ceu
1163 3212 1274 3272 peilatau,

164 3274 235 3335 longo
257 3275 319 3320 hello
349 3274 445 3320 subacti.
482 3273 616 3336 Suessones]
657 3276 706 3321 Alii
731 3275 787 3337 bra]
810 3277 877 3337 Apud
891 3278 1011 3325 Eburones
1023 3277 1131 3325 'l'etntius
1141 3276 1274 3335 Sabinus-st

164 3339 245 3402 legunt
256 3343 349 3394 Acerras,
365 3354 408 3399 pro
429 3338 514 3385 accolis
532 3339 622 3386 Axcnis
634 3341 706 3395 lluvii,
732 3342 863 3388 Armrculus
875 3341 946 3387 Cotta
963 3359 1015 3389 eum
1026 3343 1126 3403 quinque
1138 3341 1273 3389 cohortibus
1345 3340 1346 3343 ’

102 3455 103 3459 Ἰ
164 3404 447 3452 inRhemornnrlinibus.
470 3404 605 3466 secema]
629 3408 706 3452 Notus
731 3407 755 3452 in
768 3407 876 3466 hybernis
892 3406 947 3451 caesi
960 3413 1012 3453 sunt
1028 3408 1108 3454 frande
1119 3403 1271 3468 Ambiorigis.

166 3469 249 3516 Galliae
271 3469 379 3530 populus.
414 3469 522 3530 Vestigia
543 3470 609 3516 vocis
625 3485 707 3516 manu·
732 3477 756 3517 et
767 3472 826 3530 apud
839 3471 950 3516 Carnutes
963 3472 992 3518 C.
1005 3473 1089 3519 Fusius
1101 3471 1170 3517 Gutta
1179 3471 1273 3527 reiltu-

166 3533 247 3593 scripti
257 3537 389 3594 praeierunt,
410 3534 508 3582 &sones
531 3535 608 3596 Vulgo
622 3537 709 3582 Aacues
732 3535 849 3582 montaniae
859 3536 989 3595 praelectus.
1186 3537 1192 3548 '

165 3599 243 3645 malea
257 3598 357 3647 Grotius.
370 3599 505 3661 Suessones]
528 3599 625 3646 Rhamis
636 3600 708 3646 vicini
764 3602 820 3648 430.
833 3601 936 3646 Sarmata
943 3600 1049 3663 baccis]
1061 3602 1098 3647 De
1107 3599 1192 3660 quibus
1198 3597 1271 3646 ovid.

166 3662 268 3710 Subsana
477 3664 479 3669 '
732 3668 756 3712 3.
765 3665 836 3711 'l'rist
853 3665 952 3712 Pellibus
963 3676 984 3714 et
995 3667 1052 3712 satis
1061 3666 1168 3713 arcebant
1177 3661 1273 3728 frigora

199 3732 255 3777 424«.
270 3726 372 3787 Optimus
383 3727 491 3790 excussu]
514 3729 636 3776 iaculandi
648 3729 709 3788 peri·
732 3729 824 3776 braccis.
838 3738 862 3776 et
871 3730 985 3778 Melalib.
995 3734 1018 3777 0.
1030 3733 1117 3778 braccae
1128 3736 1204 3777 enimn
1216 3728 1273 3776 cali-

166 3801 211 3839 tus.
247 3792 342 3842 Ercusm
363 3792 466 3854 lacerta]
496 3792 532 3839 hd
553 3794 707 3852 J'aculandum.
734 3810 813 3855 garum
829 3795 942 3841 fluxarum
957 3811 1043 3858 genus:
1061 3795 1131 3857 aqua
1152 3803 1227 3850 veste,
1245 3805 1274 3841 es

167 3856 279 3918 Leccam]
312 3857 394 3903 Galliae
415 3857 517 3917 Belgicae
536 3872 591 3917 pop.
612 3874 709 3918 qnorum
734 3859 1275 3921 GalliaeparsdictaestBrscoata‚qnaepostes
1326 3899 1328 3902 .

165 3923 221 3969 urbs
246 3921 310 3968 Toni.
332 3921 475 3983 Rhemusque
496 3922 599 3984 lacerta]
627 3923 709 3968 Galliae
735 3926 904 3971 Narbonensis.
918 3925 1274 3986 rideBaylinrn·derevest.et

165 4000 221 4048 pop.
234 4001 331 4047 quorum
341 3986 450 4046 primariis
460 3988 517 4034 urbs
527 3986 629 4035 Rhemes.
733 3991 783 4037 los.
795 3989 854 4034 Scal.
868 3990 896 4035 ad
908 3992 931 4036 4.
948 3990 989 4036 lib.
1006 3990 1130 4050 Propertii,
1148 3995 1173 4035 et
1183 3989 1215 4034 ls.
1227 3989 1273 4036 Ga·

199 4055 256 4100 4⁶25.
274 4051 366 4111 Optima
375 4067 439 4114 geas,
451 4050 508 4113 bec]
532 4054 643 4112 Sequanae
655 4053 708 4098 lluv.
735 4055 799 4100 sanb.
812 4055 841 4100 ad
853 4054 958 4101 Suetonii
970 4059 1065 4116 August.
1084 4060 1108 4101 et
1117 4053 1170 4100 Ald.
1183 4054 1273 4100 Manui.

167 4115 232 4166 Setae
242 4117 333 4164 accclae.
342 4116 627 4180 Burgoigaoaaequitnndi
632 4117 709 4176 periti.
735 4116 831 4178 Quoesit.
841 4134 883 4178 per
893 4135 929 4178 ep.
939 4121 979 4168 22.
989 4127 1014 4166 et
1021 4135 1072 4182 quae
1081 4113 1204 4166 cluverius
1210 4117 1273 4165 libro

199 4185 255 4228 4026.
280 4181 311 4228 Et
321 4181 398 4228 docilis
408 4180 502 4244 rector]
524 4183 556 4229 Et
565 4182 643 4242 Belgae
654 4197 709 4242 pop.
736 4186 758 4228 2.
770 4185 801 4229 de
811 4183 890 4243 Antiq.
901 4185 1009 4231 German.
1022 4199 1073 4245 cap.
1084 4187 1123 4230 16.
1257 4181 1260 4188 '
1318 4240 1320 4245 Ι

168 4247 270 4301 Osanna
295 4246 384 4302 Rheno,
411 4248 526 4300 Matrona,
553 4254 577 4293 ct
598 4248 710 4306 Sequana,
767 4249 823 4309 431.
844 4245 992 4312 Vangiones}
1005 4251 1192 4304 Wornracenses,
1208 4245 1274 4296 War-

166 4311 259 4367 iaelusi‚
280 4327 293 4358 e
316 4309 430 4358 vehiculis
453 4309 545 4358 sulcatis
568 4311 708 4372 praeliantes.
734 4310 943 4374 aieslimaaiqu‘a]
961 4314 1111 4374 Hellanders.

167 4375 455 4443 Rostratisselgeeoaiui]
478 4376 710 4447 Malelegiturmou·
767 4377 824 4430 480.
840 4376 951 4442 dosera]
985 4379 1117 4428 incitauere
1147 4377 1174 4426 in
1201 4374 1271 4426 bella·
