2784 4860
142 308 203 374 120
396 300 448 372 Μ.
485 304 690 375 ANNAEI
733 302 957 372 LUCANI

141 481 317 547 Moenibus
333 480 465 562 exiguis
481 480 593 543 alieno
609 481 644 542 in
665 480 776 544 littore
791 480 866 556 tuti,

139 593 291 657 Illustrat
310 609 397 674 quos
412 591 488 654 sola
502 589 597 654 fides.
614 590 644 653 si
659 591 817 654 claudere
831 608 946 653 muros
986 628 989 635 ·

139 703 327 768 Obsidione
349 721 462 785 perae,
477 708 511 766 et
525 703 560 765 vi
575 702 777 784 perfringere
792 705 922 785 portas,

140 814 330 896 Excepisse
345 812 439 876 faces
455 813 565 889 tectis
581 819 616 877 et
634 813 704 876 tela
718 813 840 895 parati,

140 924 315 989 Undarum
336 930 453 1006 raptos
469 925 598 989 aversis
612 924 763 988 fontibus
783 924 925 988 haustus

140 1033 312 1114 Quaerere,
329 1042 363 1099 et
377 1034 536 1099 effossam
553 1037 705 1101 sitientes
720 1036 868 1099 lambere
883 1040 1025 1098 terram:

140 1147 184 1212 ut
199 1147 286 1211 desit
301 1148 330 1210 sr
345 1146 440 1229 larga
455 1146 569 1223 ceres,
585 1152 665 1211 tunc
679 1146 816 1210 horsea
831 1144 934 1221 cerni,
1084 1126 1089 1133 '

140 1258 317 1341 Foedaque
334 1258 483 1339 contingi
497 1258 668 1322 maculato
690 1276 828 1340 carpere
843 1272 969 1318 morsu.

140 1367 216 1432 Nec
233 1373 336 1451 pavet
349 1366 404 1431 hic
420 1369 569 1450 populus
588 1389 650 1451 pro
665 1369 819 1432 libertate
843 1364 968 1439 subire,

140 1477 329 1541 Obsessum
345 1477 455 1539 Poeno
471 1479 576 1556 gessit
591 1479 682 1557 qnod
700 1477 810 1538 Marte
826 1475 1023 1556 Saguntum.

139 1586 342 1650 Pectoribus
356 1586 445 1668 rapti
460 1590 614 1660 matrum,
630 1583 820 1665 frustraque
835 1582 1006 1647 trahentes

141 1697 258 1762 Ubera
273 1697 369 1760 sicca
386 1696 475 1759 fame
490 1686 621 1758 medios
636 1695 806 1758 mittentur
820 1693 856 1757 in
871 1693 977 1776 ignes,

141 1806 240 1872 Uxor
254 1813 288 1871 et
304 1827 325 1870 a
341 1826 420 1871 caro
436 1811 557 1889 poscet
572 1805 639 1868 sibi
654 1805 725 1869 fata
738 1804 870 1868 marito.

140 1917 292 1983 Vulnera
306 1918 496 1981 miscebunt
510 1915 640 1993 fratres
657 1915 851 1998 bellumque
873 1914 986 1979 coacti

142 2028 222 2094 Hoc
239 2029 354 2112 potius
376 2026 477 2091 civile
493 2031 616 2108 gerent.
662 2024 719 2089 Sic
736 2024 842 2091 Graia
851 2026 1012 2110 juventus

141 2139 310 2202 Finierat:
334 2156 412 2199 cum
426 2137 561 2199 turbato
572 2137 645 2220 jam
668 2136 804 2220 prodita
817 2137 913 2201 vultu

140 2248 198 2313 Ira
213 2248 321 2325 ducis,
338 2246 474 2311 tandem
488 2250 612 2310 testata
627 2251 679 2311 est
692 2266 779 2311 voce
795 2246 956 2311 dolorem.

183 2357 285 2423 Vana
299 2362 414 2426 movet
428 2355 552 2421 Graios
567 2357 673 2422 nostri
688 2357 814 2422 fiducia
829 2377 959 2422 cursus.

206 2547 255 2594 343
263 2547 426 2620 praesringere.
502 2547 550 2596 345
561 2547 691 2624 adversis..
762 2550 811 2595 346
822 2562 926 2595 ευετεαηι.
1014 2548 1171 2621 ddsseorpors.

270 2613 319 2660 348
329 2619 523 2725 “wigfridum
534 2678 601 2738 rapti.
610 2615 659 2664 349
668 2611 702 2660 hu
707 2629 758 2675 Μ’
810 2678 858 2727 356
868 2611 1037 2724 σοηειῗνᾶῖαὲοῗοᾶ
1047 2618 1122 2675 με.

143 2839 218 2886 nassis
229 2846 253 2885 et
263 2840 370 2888 Pbooica.
381 2856 427 2902 qua
436 2841 525 2888 ratione
535 2841 584 2887 lieri
595 2840 677 2904 possit,
734 2843 790 2891 343.
810 2839 924 2902 Carpere]
952 2841 990 2887 lta
1013 2837 1174 2885 substituimus
1193 2852 1237 2899 pru

145 2902 248 2950 ouantis
263 2903 306 2951 eet
324 2908 366 2951 seb
382 2903 466 2951 uesieu
481 2905 615 2954 nonu-ideo.
628 2905 677 2952 Sul·
703 2920 799 2966 corpora.
826 2906 927 2951 Verbum
937 2905 1007 2953 'enim
1027 2903 1180 2949 desideratur.
1198 2902 1237 2949 As

143 2983 197 3014 naas.
207 2967 268 3014 Ptin.
278 2971 361 3015 Exere.
370 2985 423 3032 pag.
432 2973 470 3018 94.
480 2970 588 3029 Pboqidos
595 2969 676 3032 orces]
702 2970 759 3017 hmo
778 2969 960 3017 emendationem
975 2976 1075 3016 nostram
1094 2966 1151 3014 satis
1164 2981 1238 3031 prope

143 3031 241 3078 Videtur
252 3041 320 3092 poeta
336 3049 376 3080 eos
392 3041 484 3081 secutus
499 3036 539 3093 qni
549 3035 677 3082 Massiliam
702 3035 792 3081 aceedit
809 3035 855 3081 Ms.
867 3034 898 3081 R.
916 3034 1040 3090 recentior,
1050 3032 1090 3093 qui
1106 3032 1176 3079 tabet
1189 3046 1237 3079 esr-

144 3096 260 3144 conditem
271 3098 351 3144 volunt
365 3115 379 3144 a
389 3099 550 3146 Phocensibus
564 3100 676 3147 Grreoioe:
700 3114 759 3159 pore.
772 3101 818 3146 Ms.
830 3101 862 3146 M.
874 3101 991 3163 attingere,
999 3098 1060 3160 quod
1070 3097 1184 3158 glossema
1194 3110 1238 3157 pu·

144 3176 197 3209 oum
208 3168 283 3208 tamen
292 3163 403 3209 Massiliae
412 3164 678 3210 conditoresePhocaea
702 3170 755 3210 tem.
768 3163 867 3213 Grotius.
1010 3208 1013 3213 .

144 3228 200 3273 urbe
217 3226 289 3272 Ioniae
301 3227 324 3273 in
342 3228 398 3274 Asia
415 3228 509 3287 expulsi
524 3231 554 3275 ab
565 3228 677 3289 Harpago
735 3230 791 3279 349.
810 3227 856 3275 Nec
873 3236 946 3288 parret,
963 3226 1020 3290 δια]
1039 3228 1090 3273 Neo
1105 3222 1237 3272 dubitamus

145 3291 203 3353 Gyri
224 3292 331 3352 praefecto
352 3293 376 3338 in
396 3292 494 3340 Galliam
513 3294 677 3340 concesserint.
701 3293 801 3340 tolerare
808 3309 948 3354 quaecunque
956 3290 1138 3353 Saguntinipop.
1150 3288 1244 3359 ffit‘.

144 3358 205 3404 Just.
215 3357 255 3402 lib.
269 3358 307 3404 43.
319 3357 401 3404 Strabo
412 3357 452 3403 lib.
463 3360 486 3403 4.
702 3357 748 3405 uiae
755 3358 830 3405 tulere
839 3360 867 3404 ab
876 3357 1009 3405 Hannibale
1017 3356 1115 3404 obsessi.
1123 3353 1176 3402 Isiu.
1187 3352 1237 3405 1.-1.

175 3425 232 3471 344.
249 3419 353 3468 illustrat
363 3437 422 3483 quos,
434 3421 492 3483 δια]
509 3422 570 3469 Isana
582 3421 678 3483 gentina
702 3423 785 3469 laven.
798 3429 841 3469 sat.
854 3424 892 3469 15.
910 3423 962 3470 vu.
974 3423 1040 3469 Max.
1055 3421 1096 3467 lib.
1111 3422 1133 3468 6.
1147 3432 1199 3497 usp.
1213 3422 1238 3473 6,

146 3485 198 3532 fide.
216 3486 240 3533 Si
251 3486 354 3533 claudere
367 3486 461 3548 muros]
478 3487 678 3548 Argumentstura
703 3486 815 3544 Quicum
830 3486 878 3534 vim
888 3487 999 3534 Punicam
1009 3485 1105 3535 ulterim
1115 3492 1238 3543 ΜΝ

145 3549 233 3597 difficili
243 3551 272 3596 ad
282 3552 413 3598 terrendum
429 3551 542 3598 Caerarem
553 3553 581 3597 ab
591 3551 679 3598 obsidi·
703 3567 789 3608 areere,
806 3567 895 3608 surum,
912 3558 1041 3613 argentum,
1060 3550 1238 3612 preciosaqu-

144 3629 195 3660 one.
214 3616 304 3661 Dooent
314 3616 436 3662 ‹lifficulter
451 3632 476 3663 se
491 3615 593 3677 superari
609 3631 678 3676 posse
703 3630 756 3676 que,
766 3616 854 3663 liberos
871 3618 1024 3677 conjugesque
1039 3630 1053 3663 s
1069 3631 1095 3661 se
1111 3630 1196 3672 cassos,
1212 3628 1239 3663 ss

144 3693 159 3724 a
180 3677 252 3737 signis
280 3680 406 3726 tolerantiae
428 3680 452 3726 in
473 3682 542 3727 robus
565 3680 677 3742 angustis.
703 3680 925 3741 deniqueinignem
935 3680 960 3726 iu
970 3682 1020 3726 foro
1031 3687 1164 3727 extructum
1178 3694 1238 3741 ps:-

145 3742 240 3789 Terrent
251 3745 280 3789 ab
292 3745 399 3805 exemplo
417 3745 602 3804 Saguntinorum,
620 3760 678 3806 quos
703 3745 837 3806 cipitavere.
1214 3774 1219 3791 r

145 3807 261 3853 decretum
273 3816 309 3854 est
320 3808 411 3854 imitari.
430 3808 531 3856 Hortens.
735 3810 790 3859 354.
810 3807 1034 3872 Miscebantfratres,
1043 3806 1099 3870 δια]
1110 3808 1194 3855 Mutus
1201 3807 1238 3857 ssi

176 3873 233 3917 344.
253 3871 366 3931 Excepisse
375 3871 441 3935 foces
457 3875 526 3928 tecttr,
546 3872 601 3935 δια]
619 3874 678 3920 Turn
703 3874 775 3930 caede,
789 3874 867 3934 potius
886 3889 954 3936 quam
970 3889 996 3922 se
1011 3873 1155 3921 immisceant
1165 3872 1236 3921 Rom.

145 3936 175 3981 ad
195 3937 258 3982 urbis
277 3936 439 3992 defensionem,
458 3945 508 3984 tum
527 3939 556 3984 ad
575 3945 679 3985 extrema
702 3938 764 3985 bello
774 3938 845 3984 civili.
1147 3938 1150 3949 '
1201 3988 1206 3997 ,

144 3999 221 4046 omnia
232 4001 368 4060 perferenda
377 4016 455 4047 sumus
466 4003 549 4062 parati,
560 4004 580 4048 si
590 4009 678 4050 auerta-
735 4004 792 4053 355.
809 4002 883 4051 Graia
889 4006 999 4064 jawatas
1015 4000 1136 4065 ratem]
1153 4000 1239 4053 Hui·

145 4065 175 4110 tis
185 4065 285 4120 flumina,
296 4079 377 4125 aquam
387 4081 400 4112 e
410 4067 487 4125 puteis
498 4066 592 4124 bibere;
607 4067 627 4114 si
638 4068 679 4114 de·
704 4068 810 4115 tlensium
822 4069 901 4129 legati.
914 4084 985 4129 supra
995 4082 1030 4116 vs.
1041 4068 1098 4117 340.

144 4128 207 4175 liciat
221 4130 366 4184 frumentum,
380 4129 427 4185 illa,
444 4147 495 4191 qum
509 4131 562 4178 risu
577 4133 677 4190 horrida,
736 4134 792 4179 357.
810 4131 902 4196 Ducis]
919 4133 1026 4180 Uaesuris.
1218 4146 1223 4155 ¹

145 4200 265 4240 contractu
273 4194 335 4241 foeda
344 4201 403 4251 sunt,
414 4197 483 4242 edere
492 4196 574 4256 parati.
735 4199 792 4247 358.
809 4196 911 4260 Graios]
937 4197 1100 4245 Massilienses.
1132 4192 1241 4257 casm]

177 4260 234 4310 345.
253 4256 334 4325 Raptus
344 4258 456 4323 bouum]
475 4261 561 4307 Potum
576 4262 678 4308 subtrec-
704 4262 743 4307 Ex
790 4261 904 4313 'donula
923 4262 1062 4325 Hispaniam
1081 4275 1150 4323 supra
1170 4274 1239 4308 amau

144 4330 199 4373 tum.
704 4328 752 4381 366
