2784 4860
164 311 230 377 590
467 312 961 387 SUPPLEMENTUM

165 485 233 549 Sed
248 505 317 549 nou
330 504 395 549 nos
412 486 503 550 vitiis
517 486 718 554 famulantia
732 493 900 574 gessimus
915 510 1024 572 arma,

165 594 242 661 Nec
257 597 389 661 factura
405 598 489 673 urbi,
507 600 568 661 sed
584 600 776 667 detractura
788 608 962 686 tyrannos.

165 704 347 770 Libertatis
362 707 424 770 erit
439 712 555 771 custos
571 709 716 775 victoria
729 719 858 791 nostra,

167 814 212 880 Et
225 816 348 899 legum.
363 837 427 881 nec
443 820 473 881 si
488 838 557 882 non
570 821 645 884 haec
661 830 842 905 perspecta
855 822 1004 889 fuissent

166 926 385 1003 Numinibus,
400 936 525 993 nostrae
540 930 706 994 lavissent
719 934 859 997 numina
870 952 1000 997 causoe.

167 1034 236 1101 Cur
250 1037 362 1119 gravis
378 1044 437 1102 aut
450 1040 641 1129 metuenda,
657 1042 789 1119 Patres,
805 1044 851 1106 sit
863 1047 983 1107 nostra
994 1048 1177 1127 potestas,

167 1148 256 1228 Quae
271 1150 377 1213 vitam
390 1155 440 1213 tot
454 1150 598 1215 devictis
614 1152 708 1216 dedit
721 1152 889 1229 hostibus,
904 1157 940 1217 et
951 1156 1006 1217 tot

60 1293 63 1299 ·
165 1260 335 1325 Exulibus
350 1261 518 1325 reditum?
541 1262 618 1345 quis
627 1263 731 1345 jussu
745 1261 894 1326 Caesaris
908 1280 1065 1345 unquam

166 1371 259 1435 Dum
274 1370 396 1434 siluere
411 1372 515 1448 tubae,
525 1371 702 1455 jugulatus
717 1372 871 1437 condidit
882 1371 1017 1437 hostis?

165 1480 340 1563 Scipiadae
355 1480 489 1545 chartas
503 1487 584 1564 post
598 1482 730 1564 Thapsi
744 1483 837 1547 bella
850 1480 1001 1547 cremavi

166 1589 249 1655 Non
262 1591 382 1666 lectas,
397 1611 439 1653 ne
455 1610 542 1672 quos
556 1591 679 1657 Victor
693 1591 900 1674 deprendere
914 1608 1071 1675 possem,

167 1700 211 1767 Et
225 1701 344 1784 punire
357 1701 485 1764 hostes.
502 1702 616 1783 potius
632 1722 735 1785 quam
750 1703 847 1767 ccede
861 1701 949 1767 tueri

139 1850 147 1873 r
168 1810 346 1875 Nobilium
360 1809 447 1872 hanc
463 1811 579 1888 vitam,
594 1813 726 1877 nescire
741 1814 896 1895 pericula
908 1817 1028 1877 nostru

167 1921 276 2004 Elegi.
291 1940 355 1984 nec
370 1940 440 1983 nou
454 1922 579 1984 invitus
592 1920 762 2006 (Numina
774 1920 897 2007 testor)

167 2032 312 2097 Civilem
327 2032 458 2114 sumpsi
473 2031 633 2112 gladium,
648 2031 728 2093 dum
742 2034 886 2111 praemia
893 2032 993 2114 justa

167 2143 341 2208 Bellorum
354 2142 447 2205 bello
463 2140 674 2222 conquirere,
690 2158 820 2221 proque
834 2140 1027 2223 triumphis,

168 2253 267 2330 Quos
281 2258 332 2317 tot
345 2259 439 2317 trans
453 2252 564 2334 Alpes
579 2269 699 2339 annos,
715 2250 931 2332 Pontumque
945 2250 1165 2331 Britannum,

167 2364 212 2429 Et
226 2363 383 2428 Rhenum
397 2362 504 2426 merui
518 2361 699 2436 vincendo,
712 2360 848 2424 vincere
861 2379 967 2442 cogor

169 2475 302 2540 Rursus
315 2495 324 2554 ;
347 2480 381 2538 et
394 2472 558 2538 invidiam
573 2471 626 2534 his
641 2472 756 2548 armis,
773 2471 897 2554 quibus
912 2478 993 2537 anto
1004 2473 1146 2542 fauces

168 2585 316 2650 Edomui
331 2585 501 2660 Britonas,
517 2583 662 2659 Suevos,
676 2582 878 2664 Gallosque,
890 2582 1046 2649 domare.

168 2696 237 2760 His
251 2696 374 2759 iisdem
387 2694 514 2770 forsan,
530 2694 630 2757 vobis
644 2694 895 2771 mandantibus,
910 2695 1017 2759 aruris

167 2805 222 2892 (Si
236 2826 304 2870 non
320 2806 356 2868 in
370 2804 515 2887 patriam
530 2824 718 2885 paucorum
732 2803 857 2886 injuria
869 2805 999 2869 bellum

168 2912 353 2998 Vertisset)
367 2914 475 2977 Latiis
491 2914 649 2995 Babylon
664 2914 813 2996 spoliata
826 2916 971 2998 tropaeis

168 3024 191 3090 J
193 3025 376 3090 amdudum
391 3029 525 3087 nostros
541 3024 681 3086 lenisset
695 3025 792 3088 clade
807 3025 958 3103 dolores,

169 3135 366 3217 Ultimaque
381 3133 556 3197 Ausonias
570 3134 784 3197 tremuissent
798 3134 925 3199 Bactra
939 3135 1099 3203 Securos.

170 3246 260 3310 Haec
271 3245 344 3328 jam
357 3244 449 3307 bella
462 3243 545 3306 mihi
561 3244 697 3307 Numen
711 3244 906 3326 peragenda
918 3245 1066 3329 reliquit.

168 3357 226 3420 Ad
240 3355 397 3431 ParthoS,
414 3355 546 3431 Patres,
562 3355 592 3417 si
605 3373 669 3418 vos
684 3355 878 3433 decernitis,
892 3356 973 3437 iho;

168 3468 213 3533 Et
229 3468 328 3532 simul
344 3488 386 3531 ao
401 3467 506 3530 uam
520 3467 563 3529 ue
579 3466 739 3530 commus
754 3450 876 3531 aureas
890 3466 978 3531 exit.
1076 3520 1080 3525 .
1161 3496 1170 3513 .

168 3578 333 3655 Phoebus,
350 3579 394 3641 ad
410 3577 503 3641 ans
518 3578 675 3642 victricia
688 3578 786 3660 signa
799 3577 975 3661 pharetras

168 3689 382 3756 convertam.
405 3688 580 3753 Ausonias
594 3689 752 3771 Aquilae,
767 3687 963 3771 amissaque
976 3687 1078 3769 signa

168 3801 240 3866 Aut
253 3802 396 3864 referam
412 3807 470 3865 aut
483 3803 628 3882 moriar3
652 3801 763 3884 dignis
777 3805 837 3865 ant
851 3798 1008 3864 cladibus
1021 3798 1120 3865 ultus
1210 3838 1214 3843 -

168 3912 266 3976 Tune
282 3913 355 3987 erit,
371 3917 430 3975 aut
445 3931 538 3975 caeso
554 3912 736 3977 comitatus
750 3909 890 3975 Caesare
904 3906 1063 3973 cmm.

169 4021 357 4086 Assenserc
374 4023 514 4086 Patres:
537 4022 668 4104 placuit
681 4027 751 4085 tam
763 4019 879 4083 nobile
893 4011 1033 4095 bellurn,

170 4131 214 4196 Et
228 4136 342 4196 tantus
358 4131 499 4194 Ductor.
516 4132 573 4195 cui
586 4130 748 4196 Parthica
760 4131 853 4195 bolla
866 4126 1014 4193 Senam

169 4241 412 4326 Nequicquam
425 4243 575 4307 mandat.
592 4243 717 4327 coeptis
731 4241 925 4326 ingentibus
937 4238 1077 4305 obstant
1211 4268 1215 4273 ·
