2784 4860
316 337 540 406 ClVlLlS
583 329 762 405 BELLI
806 333 916 403 LIB.
946 334 1053 426 viu.
1183 335 1252 407 355

142 503 328 587 Nunquam
343 507 452 567 stante
472 501 567 584 polo,
586 499 729 565 miseros
744 498 899 563 fallentia
917 502 1041 563 nautas
1140 539 1148 547 -

142 616 263 680 Sidera
275 634 345 677 non
359 613 550 697 sequimur:
574 610 635 680 sed
648 610 707 693 qui
720 630 790 675 non
799 609 959 692 mergitur
972 608 1073 674 undis
1098 656 1101 663 .

141 728 231 792 Axis
246 726 460 801 inocciduus,
482 722 615 806 gemina
631 720 840 785 clarissimus
861 720 987 785 Arcto:
1181 717 1247 782 175

141 839 206 905 Ille
219 839 305 919 regit
319 855 467 919 puppes.
489 833 545 897 hic
560 852 645 897 cum
659 832 742 897 mihi
757 852 891 916 semper
905 831 941 896 in
956 831 1061 897 altum

142 949 275 1032 Surget,
297 955 331 1013 et
344 948 485 1011 instabit
499 945 639 1010 summis
651 945 760 1009 minor
774 942 866 1010 Ursa
881 940 1058 1023 ceruchis;

142 1062 337 1143 Bosporon,
356 1064 389 1122 et
404 1058 554 1141 Scythiae
573 1060 770 1121 curvantem
787 1056 902 1125 littora
915 1059 1059 1139 pontum

142 1167 356 1255 Spectamus
382 1167 547 1252 quicquid
568 1166 752 1243 descendet
772 1169 816 1233 ab
838 1169 956 1234 arbore
972 1184 1106 1233 summa

141 1281 389 1364 Arctophylax,
406 1280 612 1369 propiorque
632 1272 717 1344 mari
731 1278 911 1363 Cynosura
930 1279 1066 1356 feretur,
1180 1273 1245 1343 180

142 1393 184 1456 In
200 1392 307 1475 Syriae
322 1397 440 1475 portus
455 1392 570 1455 tendet
589 1391 682 1456 ratis.
704 1389 783 1455 inde
800 1388 963 1474 Canopos
1217 1370 1221 1375 ⁵

141 1505 283 1586 Excipit
303 1501 455 1566 Australi
474 1502 564 1567 coelo
587 1506 749 1566 contenta
760 1502 889 1584 vagari,

141 1616 249 1684 Stella
262 1617 384 1678 timens
400 1615 552 1679 Borean:
575 1614 636 1679 illa
650 1632 788 1698 quoque
802 1632 906 1696 perge
920 1613 1069 1689 sinistra,
1145 1676 1148 1682 .

139 1724 250 1791 Trans
266 1726 420 1788 Pharon:
444 1727 480 1788 in
493 1724 606 1787 medio
625 1727 741 1804 tanget
757 1723 840 1788 ratis
861 1743 998 1807 aequore
1020 1721 1156 1806 Syrtim.

239 1867 287 1909 177
304 1862 389 1925 Surgit.
488 1864 537 1909 179
553 1860 671 1907 mecerin.
770 1860 938 1908 1811111817-
1007 1862 1055 1910 183
1068 1875 1146 1927 pergo.

466 1927 513 1975 184
529 1926 609 1988 tangit.
803 1927 851 1972 184
866 1924 950 1988 Syrtes.
1138 1926 1140 1930 '

140 2060 230 2098 cursus,
244 2044 312 2101 juxta
332 2057 399 2102 quem
416 2041 516 2087 maxime
531 2040 620 2101 fulgent
631 2039 678 2084 duo
704 2037 727 2084 iu
737 2039 891 2100 gubernaculo
903 2041 1005 2088 Australi
1021 2040 1128 2090 nurisAr
1162 2040 1242 2096 rude

141 2109 218 2154 sidera
229 2107 314 2154 Helice
326 2107 484 2166 etCyuosurs.
704 2105 737 2150 ris
759 2106 928 2161 Meridionrlis,
950 2120 1003 2166 qu
1021 2121 1074 2153 nou¹
1100 2107 1106 2119 ⁸
1138 2114 1177 2154 tur
1196 2107 1242 2156 nisi

174 2177 229 2221 173.
248 2171 370 2232 Nunquam
386 2179 459 2226 stante
471 2167 541 2231 potu]
558 2168 604 2216 Ubi
616 2167 679 2213 nulla
705 2169 822 2219 Rhodoiu
839 2171 950 2218 Austrum
960 2173 1116 2234 pergentibus.
1132 2187 1241 2234 1111197171

141 2237 196 2284 ooeli
207 2252 260 2296 pars
272 2237 361 2282 stabilis
373 2236 451 2282 stellas
464 2236 565 2295 praefert,
581 2234 609 2280 ud
621 2246 678 2294 quus
703 2234 807 2290 incuntes,
830 2234 905 2296 inquit
925 2235 1044 2293 Manilius,
1054 2234 1151 2300 ybtgere
1168 2236 1241 2284 Ocno·

140 2303 255 2361 dirigatur
266 2295 354 2347 cursus.
487 2332 490 2337 -
700 2315 764 2360 pum,
780 2299 858 2348 Donec
874 2299 975 2349 Niliacos
987 2316 1029 2362 per
1045 2301 1144 2350 Peritum
1155 2303 1242 2351 urae

174 2370 229 2415 175.
248 2364 320 2426 Acie]
338 2365 396 2412 Axis
415 2371 451 2411 est
468 2365 528 2410 liueu
546 2369 618 2418 recte,
634 2377 677 2422 per
701 2379 758 2411 orus.

142 2432 240 2493 sphaerae
250 2437 352 2476 centrum
363 2431 439 2486 dueta,
452 2430 512 2475 circe
523 2443 590 2490 quam
602 2428 676 2487 sphae-
737 2433 791 2478 179.
810 2429 922 2492 Quicquid
936 2431 1055 2483 incendit,
1077 2431 1133 2496 dre]
1162 2432 1240 2492 Quen·

141 2514 168 2544 ru
185 2496 335 2542 convertitur.
370 2495 422 2540 Poli
440 2501 492 2540 sunt
514 2495 561 2540 duo
583 2499 676 2553 puncta,
703 2500 749 2539 tum
768 2494 905 2554 deprimitur
924 2495 972 2555 poli
984 2495 1080 2552 Arctiei,
1094 2496 1240 2542 tuntumele-

141 2577 193 2621 quse
217 2575 285 2605 axem
305 2560 400 2620 sphaerae
420 2559 526 2619 utrinque
545 2557 675 2604 terminant.
703 2563 769 2604 vatur
788 2559 930 2619 AEquatoris,
947 2564 971 2605 et
990 2559 1013 2604 in
1035 2560 1146 2606 Austrum
1165 2559 1242 2606 tendi·

141 2627 185 2671 llle
197 2625 236 2685 qui
253 2624 319 2670 uobis
328 2625 351 2668 in
363 2624 457 2684 Europa
471 2623 607 2683 degentibus
618 2637 676 2668 sem·
701 2638 759 2668 mus.
796 2621 915 2669 Descmdet
928 2623 956 2669 ab
971 2623 1048 2669 arbore
1062 2623 1167 2685 summu]
1185 2626 1240 2671 Non

141 2707 183 2751 per
205 2697 307 2749 apparet,
330 2689 413 2734 dicitur
436 2688 542 2735 Borealis
561 2687 600 2733 vel
618 2687 677 2745 Sep·
702 2687 821 2734 descerzdit.
837 2703 889 2733 nem
901 2687 1003 2748 sequitur
1006 2685 1106 2750 feretur.
1127 2689 1205 2745 Quare
1216 2697 1240 2736 et

138 2752 294 2811 ‘tentrionalis,
310 2763 334 2800 et
351 2753 421 2799 etiam
430 2754 498 2814 polus
510 2751 625 2807 Aretiws,
637 2750 677 2796 Al·
702 2766 758 2799 mox
779 2751 857 2808 tendit,
872 2751 896 2798 in
912 2751 987 2817 tendet
1000 2751 1147 2799 mutavimus.
1183 2751 1241 2803 Gro-

141 2825 177 2866 ter
188 2834 243 2867 vero
254 2820 322 2879 polus
333 2819 447 2864 Australis
460 2819 498 2864 vel
517 2815 677 2864 Meridionalis
702 2816 754 2862 tius.
772 2815 806 2862 Ab
824 2816 902 2863 arbore
918 2816 1023 2880 summm]
1040 2816 1069 2863 ld
1086 2824 1131 2874 est,
1148 2817 1239 2878 quando

141 2885 225 2931 dicitur
240 2893 264 2930 et
281 2884 436 2938 Antarutious,
454 2883 514 2943 quod
533 2898 575 2942 per
592 2881 677 2927 diame-
702 2880 778 2939 polus,
796 2880 956 2941 Arctophylax
967 2886 990 2928 et
1000 2881 1073 2928 minor
1084 2896 1162 2929 ursus
1177 2896 1239 2930 sum·

140 2955 201 2996 trum
222 2950 341 3012 oppositus
365 2948 394 2994 sit
416 2948 471 3008 polo
492 2947 594 2993 Arctioo.
629 2945 678 2991 Hic
703 2961 740 2992 mo
751 2946 812 2993 mulo
830 2944 981 3001 descendunt,
996 2953 1060 2993 reete
1070 2961 1183 2994 excursus
1202 2954 1240 2996 est

139 3030 254 3074 nunquam
264 3013 330 3059 nobis
339 3013 488 3073 conspicitur,
503 3019 528 3058 et
536 3018 623 3058 tantum
634 3011 678 3056 suh
703 3010 726 3056 in
742 3012 838 3072 Syrium.
858 3009 962 3056 Hmteus.

140 3086 218 3125 nostro
239 3077 399 3138 hemisphaerio
421 3077 545 3133 delitescit,
571 3081 678 3136 quantum
735 3078 790 3123 180.
808 3075 979 3138 Arctophylax]
1000 3075 1048 3132 Qui
1063 3084 1088 3122 et
1098 3077 1186 3124 Bootes
1196 3092 1239 3124 vo·

140 3144 198 3190 ulter
210 3157 278 3201 supra
287 3142 349 3187 idem
361 3141 547 3202 hemisphaerium
558 3139 676 3187 attollitur.
703 3146 776 3198 catur,
801 3143 867 3201 cujus
891 3140 1006 3186 sinistrum
1027 3156 1118 3188 manum
1139 3138 1239 3190 circulus

140 3214 166 3254 ut
178 3207 261 3267 Virgil.
296 3205 343 3253 Hic
362 3215 437 3253 vertex
452 3207 512 3253 uobis
526 3220 609 3264 semper
627 3205 677 3251 sub·
702 3205 809 3252 Arctiom
817 3205 924 3260 includit,
939 3210 966 3251 ut
982 3218 1056 3266 neque
1067 3206 1182 3262 occidere,
1199 3223 1240 3257 ne·

141 3271 209 3318 limis:
226 3280 251 3317 ot
262 3270 676 3333 iilumSubpedibusStyrstravidet,
702 3275 746 3330 que
766 3270 821 3316 oriri
840 3269 953 3316 videatur.
980 3268 1083 3317 Hortens.
1103 3269 1238 3336 Cynosura]

142 3352 256 3396 mortesque
270 3333 386 3398 prrffuudi.
400 3335 496 3382 Gemina
508 3333 594 3396 Arcto]
613 3335 677 3381 Due·
702 3334 762 3381 Ursn
778 3334 860 3390 minor,
886 3350 937 3394 quae
963 3334 1044 3380 Bootre
1069 3334 1177 3396 oppositu
1194 3342 1238 3383 est.

140 3403 184 3447 bus
195 3401 265 3454 ursis,
282 3402 367 3459 majore
377 3408 401 3446 et
410 3401 503 3448 minore.
702 3398 783 3459 Sulpit.
828 3406 831 3411 '

132 3517 135 3524 ,
174 3468 228 3513 177.
248 3463 372 3526 Cer-actis]
390 3465 502 3511 Cornibus
521 3470 676 3522 antennarum,
735 3467 790 3510 181.
809 3460 866 3572 1811117
882 3459 999 3539 Canopon]
1017 3462 1124 3516 Remota,
1140 3476 1184 3510 neo
1203 3478 1239 3512 ιε’

141 3536 402 3654 Attulisti
420 3591 595 3655 77711...]
622 3595 676 3641 11..
702 3526 1239 3656 titt?sttltltttllltttttititt:

141 3660 190 3705 vult
206 3665 275 3706 naute
293 3659 379 3714 dicere,
395 3657 563 3719 Navigautibus
584 3657 636 3704 hinc
653 3659 676 3704 iu
701 3656 784 3703 nostris
794 3655 927 3715 regionibus
940 3656 1034 3715 ignotn3
1054 3658 1177 3705 Berenices
1194 3660 1239 3706 eri-

141 3724 279 3784 Bosphorou
299 3723 432 3783 Scythicum
451 3730 490 3769 eut
505 3722 636 3778 Thracium,
653 3731 677 3769 et
700 3720 737 3768 uis
748 3721 818 3768 diota.
830 3721 851 3779 ej
898 3719 1157 3771 meminitPliniuslib.
1175 3726 1198 3773 6.
1216 3731 1240 3771 et

139 3789 246 3841 Portum,
264 3804 344 3834 versus
357 3787 548 3847 Septentrionem,
560 3787 628 3834 stella
635 3803 676 3847 po·
701 3785 820 3834 Vitruvius
830 3784 870 3831 lib.
923 3783 1006 3845 Sulpit.

140 3853 194 3900 laris
207 3853 310 3900 escendit
319 3853 347 3897 ed
357 3852 497 3907 Zenith,ceu
506 3859 614 3913 punctum
626 3867 677 3898 ver·
734 3853 789 3898 183.
806 3849 963 3896 Stetutimem
977 3848 1086 3915 Boream]
1113 3850 1200 3899 Metuit
1210 3868 1239 3901 ne

139 3917 217 3972 tioale,
234 3918 304 3979 quod,
322 3934 363 3976 per
380 3925 620 3973 nutrimentalem
639 3933 676 3962 or·
702 3917 778 3963 Borea
788 3913 1010 3974 unbesimpelleute,
1026 3917 1171 3963 obscuretur.
1195 3916 1240 3964 Ita

140 3982 210 4029 boren
229 3991 249 4029 et
261 3983 353 4034 mutam,
370 3980 487 4042 intelligit,
504 3981 528 4026 id
549 3987 593 4038 est,
609 3981 676 4041 polus
702 3996 786 4043 quoquc
794 3978 981 4042 perscribatis]
998 3979 1025 4026 Si
1035 3980 1060 4027 in
1074 3980 1187 4028 sinistram
1205 3988 1240 4028 to-

140 4046 247 4094 Arcticus
266 4048 376 4093 elevatur.
410 4045 579 4106 Nevignntibus
599 4051 677 4091 contra
701 4061 756 4092 reas
774 4061 788 4091 u
809 4045 902 4104 Canopo
927 4049 988 4090 trans
1008 4045 1110 4103 Pharon,
1136 4044 1240 4094 illidetur

139 4111 163 4157 in
181 4113 278 4173 Syriam,
296 4127 377 4157 versus
392 4110 527 4157 meridiem:
546 4109 619 4156 stellae
636 4126 677 4170 po·
702 4111 767 4158 navis
777 4107 890 4170 Syrtibus·

139 4176 200 4223 iures
213 4178 300 4223 Bootes
312 4183 336 4221 et
348 4177 408 4222 Ursa
424 4176 498 4221 minor
507 4175 678 4221 descenduutu
737 4179 792 4224 184.
811 4171 922 4234 Phoron]
939 4173 1029 4222 Pharus
1040 4174 1115 4222 insule
1125 4173 1240 4221 e'stinin-
1314 4192 1319 4197 ·

140 4240 269 4288 summitate
278 4240 333 4287 muli
340 4257 382 4287 eeu
389 4246 475 4301 puncto
484 4239 597 4294 verticuli,
607 4239 678 4286 Hori·
703 4255 786 4300 gressu
793 4245 874 4300 portus
885 4237 1043 4286 Alexandrini.
1051 4230 1160 4286 'Hortcna
1180 4236 1242 4286 Pta-

140 4313 230 4353 uoutem
248 4321 338 4361 versus,
354 4306 399 4352 hoc
418 4310 462 4360 est,
479 4304 547 4366 polus
570 4303 678 4365 deprimi·
703 4304 890 4368 rorr.]lrib.10.
910 4301 1240 4368 71.57.71509.89111”17.]

139 4377 185 4427 tur,
193 4376 261 4432 etque
273 4370 377 4419 elevetur
386 4368 601 4432 Ganopne,tulgidu
612 4369 680 4443 stelle
704 4369 757 4418 lib.
768 4371 790 4418 1.
804 4385 838 4418 rs.
850 4369 908 4416 367.
1117 4376 1120 4381 “
1182 4379 1187 4387 ·
