2784 4860
139 359 207 426 :³48
410 352 462 419 Μ.
506 350 719 421 ANNAEI'
756 350 981 421 LUCANI

141 530 309 598 Emathiae
325 534 444 594 stares.
459 527 584 592 tristeis
600 522 771 615 praesagia
785 548 885 593 curas
926 524 931 533 '

86 626 92 639 ’
141 641 346 724 Exagitant:
369 641 503 723 trepida
518 641 667 721 quatitur
679 634 858 705 formidine
873 637 1033 704 somnus:

139 753 356 841 Thessaliam
372 773 442 816 nox
457 752 567 815 omnis
581 751 703 815 habet:
726 751 940 834 tenebrisque
955 749 1096 815 remotis
1131 752 1135 759 '
1205 749 1253 815 45

141 864 256 949 Rupis
271 866 307 928 in
323 866 477 946 abruptae
494 863 657 945 scopulos
673 866 891 943 extremaque
907 880 1045 926 currens
1162 862 1167 869 '

142 958 285 1051 littora,
302 973 516 1057 prospiciens
531 972 666 1047 fluctus,
681 972 836 1036 nutantia
849 973 949 1055 longe

142 1087 285 1170 Semper
299 1086 409 1169 prima
423 1085 520 1149 vides
534 1084 700 1148 venientis
714 1084 793 1146 vela
808 1085 945 1162 carinae,

143 1197 305 1279 Quaerere
320 1218 384 1260 noe
401 1197 585 1278 quicquam
600 1195 643 1257 de
657 1195 729 1256 fato
745 1194 901 1277 conjugis
915 1195 1034 1259 audes.
1070 1268 1075 1277 Ι
1136 1250 1139 1255 .

185 1309 348 1381 limatis,
365 1306 409 1370 ad
424 1311 556 1368 vestros
572 1299 649 1386 quae
664 1300 773 1366 tendit
787 1305 932 1368 carbasa
944 1302 1076 1388 p'ortus,
1121 1300 1150 1311 ''
1205 1302 1253 1368 50

143 1420 238 1500 Quid
253 1420 340 1482 serat
354 1419 509 1499 ignoras:
534 1417 595 1479 sed
609 1436 698 1478 nune
714 1416 777 1479 tibi
793 1434 926 1479 summa
938 1412 1080 1499 pavoris

143 1531 295 1597 Nuntius
312 1548 479 1592 armorum
494 1527 611 1602 tristis,
626 1524 813 1609 rumorque¹
823 1528 959 1591 sinister
1088 1524 1092 1533 '

145 1642 271 1708 Victus
288 1641 385 1704 adest
401 1632 539 1725 conjm'r.
556 1641 638 1724 quid
653 1640 768 1723 perdis
783 1636 939 1722 tempora
950 1636 1091 1702 luctus‘l

146 1751 234 1817 Cum
249 1753 365 1834 possis
377 1751 451 1834 jam
465 1751 556 1829 fiere,
572 1753 684 1815 times.
702 1758 781 1816 tunc
797 1746 915 1837 puppe
929 1746 1124 1834 propinqua
1141 1810 1145 1815 .

144 1863 319 1938 Prosiluit,
336 1863 530 1944 crimenque
547 1864 659 1926 Deum
675 1865 811 1927 crudele
825 1858 968 1938 notavit,
1206 1857 1253 1921 55

144 1974 341 2039 Deformem
357 1973 487 2055 pallore
503 1972 637 2049 ducem,
659 1965 841 2056 vultusque
855 1975 1062 2055 prementem
1130 1968 1133 1973 ’

146 2083 291 2160 Canitie,
309 2089 411 2166 atque
427 2089 500 2147 atro
516 2073 711 2166 squalentes
725 2079 865 2166 pulvere
880 2087 1006 2147 vestes.
1031 2080 1034 2085 ’

146 2194 260 2258 Obvia
274 2214 345 2256 nox
359 2195 493 2256 miserae
510 2195 648 2269 coelum,
663 2194 843 2275 lucemque
857 2193 1005 2264 tenebris

146 2303 311 2378 Abstulit,
328 2309 429 2384 atque
446 2303 593 2364 animam
610 2304 733 2366 clausit
748 2304 862 2367 dolor:
886 2306 1001 2368 omnia
1015 2304 1127 2369 nervis
1192 2314 1197 2321 '

147 2413 305 2478 Membra
319 2415 439 2477 relicta
452 2415 587 2476 labant:
610 2414 782 2494 riguerunt
797 2415 913 2491 corda,
929 2414 1055 2497 diuque
1208 2413 1253 2477 6⁰

146 2524 216 2608 Spe
232 2525 350 2588 mortis
367 2525 512 2607 decepta
522 2525 628 2608 jacet.
640 2526 714 2608 jam
728 2524 809 2587 fune
822 2524 928 2607 ligato

147 2635 347 2712 Littoribus,
362 2636 483 2699 lustrat
496 2654 625 2698 vacuas
642 2635 828 2718 Pompeius
844 2655 976 2699 arenas.

148 2734 263 2822 Quem
277 2738 461 2828 postquam
476 2746 619 2828 propius
634 2745 772 2809 famulae
787 2747 902 2811 videre
916 2747 1046 2824 fideles,

146 2853 230 2918 Non
243 2856 332 2918 ultra
348 2856 491 2937 gemitus
507 2856 632 2920 tacitos
651 2856 821 2921 incessere
836 2858 908 2922 fata

148 2989 182 3034 44
194 2989 276 3034 somni:
326 2992 359 3037 46
371 2991 450 3035 curris.
501 2993 532 3038 47
537 2989 623 3053 fluctis.
672 2992 705 3039 47
716 2993 834 3038 mutantia.
885 2996 917 3040 48
926 2994 1009 3050 videas,
1019 2993 1087 3039 ridet.
1137 2994 1170 3040 49
1177 2988 1252 3055 fucit·

157 3054 190 3100 49
201 3052 276 3098 audet.
310 3055 342 3100 53
345 3053 437 3115 fidus?
469 3055 589 3101 54times?
622 3055 769 3104 55Prosititt.
802 3055 959 3104 sternitum.
993 3060 1025 3108 5⁷
1033 3057 1120 3104 criseis.
1153 3058 1244 3106 &Bm

188 3118 339 3164 59uaimum.
374 3122 404 3165 61
416 3119 515 3178 depressa
518 3121 591 3180 jacet,
600 3119 685 3181 dejecto
690 3123 779 3182 jacent.
813 3120 1050 3186 63famulaepropins.
1084 3120 1210 3187 64futum.
1261 3184 1265 3191 Ι

180 3235 220 3280 44.
240 3232 261 3279 T
258 3235 335 3294 repida
346 3233 518 3296 plathaneze]
536 3235 640 3282 Interdiu
651 3253 688 3282 so-
714 3237 836 3283 advectum
846 3239 900 3285 navi
911 3253 1004 3295 eernere
1015 3238 1092 3285 vellet.

146 3297 213 3343 licita
229 3299 258 3344 de
276 3300 331 3346 belli
349 3307 441 3356 eventu,
454 3305 524 3345 noctu
534 3315 576 3360 per
587 3301 689 3360 quietern
747 3302 786 3348 53.
807 3302 881 3349 Victus
890 3304 951 3350 ulest
960 3302 1059 3365 majam]
1076 3304 1131 3349 Non
1142 3302 1253 3365 estquod

111 3405 113 3408 .
147 3362 266 3410 Thessalis
277 3366 415 3410 obversatur
425 3364 502 3410 menti.
714 3366 811 3413 ulterius
820 3367 856 3413 sis
868 3368 958 3414 solicits
966 3376 990 3414 et
999 3366 1078 3415 timori
1086 3368 1188 3415 insumus
1195 3374 1254 3415 tem·

182 3431 222 3475 45.
242 3427 406 3500 Tenebrisqne]
424 3429 518 3475 Oriente
530 3429 575 3475 die.
674 3448 677 3455 ·
714 3431 1254 3495 poraluetus.desinetimeraedestecosvio·

181 3495 221 3539 4⁷.
240 3491 446 3557 Nutantz'ulonge]
464 3494 523 3549 Quae
533 3494 641 3541 videntur
649 3512 690 3541 nu·
714 3502 753 3542 tus
764 3497 857 3554 conjux,
875 3514 922 3542 suae
942 3497 1015 3544 cladis
1026 3496 1254 3559 nuncius-lunium

149 3560 207 3611 tare,
223 3572 292 3615 quum
304 3565 373 3604 vento
391 3560 436 3604 lruc
455 3558 511 3604 illue
527 3559 656 3612 fleetuntur,
667 3567 691 3606 et
715 3560 885 3608 doloriscausa.
900 3560 1254 3625 Quidperdutempmlucml]

149 3619 193 3664 hec
204 3619 288 3667 illaeve
300 3638 378 3668 cusum
393 3623 475 3669 minari
490 3630 514 3669 et
530 3625 607 3669 navim
624 3640 690 3671 ever·
715 3625 770 3670 Non
782 3624 855 3671 debes
872 3626 966 3686 lugendi
981 3634 1085 3687 tempora
1098 3632 1162 3673 metu
1172 3640 1255 3675 oonsu-

143 3691 199 3729 'tere
211 3700 241 3730 ex
254 3686 373 3732 intervallo
385 3694 457 3749 putes.
476 3687 615 3734 Hortensius.
715 3704 784 3734 mere.
803 3689 890 3747 Times,
906 3706 958 3737 oum
972 3693 1020 3751 J‘am
1036 3691 1068 3737 sit
1082 3692 1144 3751 quo'd
1161 3690 1255 3753 lugeas:

183 3749 223 3795 49.
243 3748 345 3802 Qum
363 3766 403 3798 aec
422 3754 546 3813 quicquum,
567 3752 623 3814 δια]
652 3754 690 3799 Ns
716 3753 898 3802 victusmeritus
910 3755 1006 3802 scilieet.
1024 3754 1124 3802 Grotius.

148 3813 301 3873 fortesudiss
313 3817 372 3873 quod
390 3832 494 3877 praescgs
510 3832 575 3863 mens
591 3819 691 3864 somnia·
749 3819 789 3866 55.
815 3818 952 3929 Prosiluitq)
970 3818 1079 3865 Cornelis
1093 3819 1166 3867 obvia
1180 3820 1256 3881 prod-

150 3877 190 3923 bat
202 3883 242 3922 aut
253 3878 421 3938 suspicabatur.
716 3883 769 3933 luit.
786 3879 917 3946 crimenque
952 3900 1010 3941 eam,
1023 3882 1080 3946 δια]
1102 3882 1259 3932 Advertltin·

184 3941 224 3987 50.
243 3941 353 3996 Emotis,
366 3942 422 4004 dre]
443 3944 503 3990 Haec
515 3946 650 3993 Plutarchus
661 3949 690 3993 sd
716 3947 860 3995 elementiam
877 3950 987 4004 Deorum,
1004 3948 1110 4009 conjugis
1127 3949 1216 3997 sladen
1232 3956 1257 4001 et

149 4005 212 4051 hunc
222 4007 323 4051 modum.
341 4015 368 4053 ul
377 4008 504 4068 Mitylenen
520 4012 618 4072 appulit,
634 4027 691 4058 nun·
715 4014 800 4072 fugam·
1107 4030 1110 4039 “

151 4070 214 4116 oium
233 4071 257 4116 in
277 4070 358 4116 urbem
375 4072 439 4118 misit
456 4075 484 4119 ud
497 4074 636 4130 Cornelium,
653 4077 691 4122 eui
750 4080 789 4124 58.
804 4075 872 4123 Obvia
889 4093 931 4124 nos
946 4079 1029 4125 misero
1045 4076 1145 4140 culum]
1173 4076 1257 4141 culino

151 4128 203 4180 eliis
215 4135 343 4180 decusare
353 4137 558 4199 edUDyrrhaelrium
570 4141 691 4201 profligato
717 4142 791 4188 oculis
801 4144 882 4189 oborta
892 4152 927 4189 est
936 4159 966 4190 ex
975 4142 1045 4189 animi
1053 4142 1165 4204 deliquio,
1174 4148 1256 4205 etprn

151 4207 176 4246 et
193 4200 256 4246 bello
277 4215 349 4261 prope
366 4202 479 4255 consecto,
495 4203 588 4249 intenta*
606 4205 693 4265 cogita·
717 4222 815 4253 moerore
827 4207 935 4254 Cornelis
945 4207 1033 4254 decidit
1043 4206 1164 4254 exanimis.

150 4264 263 4320 tionibus,
277 4264 316 4310 ille
328 4264 465 4326 salutatione
476 4268 568 4321 omissa,
584 4269 692 4329 lucrymis
749 4274 789 4318 61.
807 4272 1098 4333 Spcmortisdeceptajwt.
1127 4272 1257 4319 usum

149 4329 224 4390 magis
235 4344 304 4389 quam
315 4345 373 4376 voce
382 4332 511 4377 mundatum
519 4332 630 4388 referens,
638 4348 692 4395 pro·
717 4342 777 4383 trata
787 4337 867 4384 mortis
879 4337 1015 4384 desiderate
1025 4352 1076 4399 spe,
1089 4385 1102 4395 „
1124 4350 1151 4391 se
1160 4335 1240 4385 rediit.

151 4408 234 4456 perere
242 4394 323 4455 jussit,
335 4394 356 4442 si
365 4395 503 4457 Pompeium
516 4412 560 4444 unu
577 4405 601 4445 et
619 4398 693 4447 aliene
751 4403 790 4452 64.
808 4400 862 4449 Noa
879 4402 943 4451 ultra
956 4403 1061 4467 genitus,
1074 4400 1132 4465 dria]
1153 4400 1258 4451 rmuh
