2784 4860
142 338 208 409 528
442 340 950 413 SUPPLEMEN'I'UM

143 511 188 578 Et
201 511 270 577 cito
285 532 354 596 quo
369 513 509 580 ducunt.
524 514 611 579 uteri
624 533 687 597 per
705 534 788 581 cara
800 515 962 581 mmeritis

142 622 302 708 Pignora,
318 624 430 690 civilis
444 625 528 691 belli
537 632 618 710 post
631 627 704 693 lata
716 632 874 693 revertar.

183 733 381 799 athlantis
398 734 583 820 Cleopatra
595 736 684 803 dolis
704 738 881 815 msbneta,
896 742 1065 803 renum

141 843 207 911 Cui
220 845 330 910 niveae
345 845 466 909 frontis
479 850 575 911 tanta
587 850 652 923 est,
668 853 707 913 ut
719 848 845 926 luctus,
859 854 895 913 et
907 848 1003 932 ipse·
1072 882 1078 891 ·

139 954 207 1022 Vel
221 957 383 1040 lacrymae
397 956 554 1037 deceant,
565 957 793 1042 lacrymis-sic
803 958 878 1023 infit
891 957 1045 1025 oborb‘s:

141 1067 224 1134 Non
237 1070 323 1134 tanti
336 1068 440 1148 facio,
456 1068 587 1151 Caesar,
600 1090 681 1136 mea
692 1073 778 1135 vota
788 1086 1000 1153 processuum.

103 1168 107 1175 ’
142 1177 190 1244 Ut
204 1178 342 1243 decreta
356 1179 466 1245 Ducis
481 1181 567 1245 tanti
580 1186 710 1246 mutare
724 1179 888 1257 valerent,

141 1287 176 1355 A
191 1288 316 1373 quibus
330 1289 469 1355 humaui
483 1289 616 1375 generis
629 1291 766 1359 fortuna
779 1310 842 1376 per
855 1290 973 1357 orbern

142 1394 293 1480 Pendet3
316 1401 414 1483 queis
425 1400 547 1479 stellae,
561 1403 660 1487 queis
671 1399 825 1466 Numina
837 1404 963 1467 cuncta
975 1402 1168 1471 vacabunt.
1253 1416 1256 1421 '

141 1508 271 1574 Audax
284 1509 421 1592 relligio.
431 1510 584 1589 nimium,
595 1506 781 1595 Pietasque
796 1510 948 1595 superba

141 1617 317 1696 Censetur,
333 1638 411 1704 quaa
422 1622 547 1702 magna
559 1625 657 1704 optat
669 1625 801 1686 mutare
813 1620 967 1687 Deorum

142 1727 307 1796 Consilia.
322 1729 367 1794 ah
381 1728 499 1814 potius
511 1729 669 1807 flammae,
686 1730 846 1814 votisque
859 1729 1020 1797 resistm
1063 1760 1068 1767 ·
1148 1762 1151 1767 ·
1173 1774 1176 1779 -
1213 1772 1234 1781 --

141 1839 227 1926 Ipsa
239 1841 337 1916 meis,
361 1838 564 1924 dulcemque
578 1838 990 1923 sibiCleopatranegabit

141 1948 290 2019 Caesaris
305 1956 495 2032 aspectum,
511 1968 615 2033 quam
627 1953 724 2015 tanta
735 1948 885 2031 negotia,
899 1953 1020 2039 totque

140 2046 315 2130 Bellorum
329 2059 446 2124 laurus
460 2059 610 2125 tardabit
621 2064 740 2126 nostra
752 2058 934 2145 voluptua'
1015 2067 1019 2073 '
1074 2104 1077 2109 -

141 2169 211 2236 Sed
225 2175 338 2235 tamen
352 2170 513 2252 ignoscas
528 2170 669 2253 paulum
683 2170 725 2248 si,
739 2168 869 2247 C'aesar,
880 2170 991 2235 amori
1108 2182 1112 2187 '

140 2280 300 2364 indulget
315 2279 499 2363 Cleopatra
509 2298 584 2357 suo,
600 2280 631 2344 si
644 2280 760 2345 vivere
774 2283 890 2345 tecum

139 2389 304 2474 Exoptat,
320 2391 350 2454 si
362 2388 477 2455 castra
490 2389 589 2473 sequi
602 2390 770 2456 victricia.
784 2409 856 2455 non
867 2408 940 2475 pax

139 2500 260 2567 Tutior
270 2499 342 2564 ulla
351 2499 433 2564 mihi
448 2519 551 2584 quam
566 2500 716 2566 classica
729 2498 880 2566 Caesaris
894 2504 1019 2565 essent.

141 2610 222 2692 Quo
237 2611 380 2696 propius
394 2610 522 2675 bellum
534 2611 599 2676 snb
615 2615 648 2676 te
663 2610 816 2677 Ductcre
826 2614 958 2689 secuta,

142 2721 224 2787 Hoc
239 2722 348 2804 magis
364 2737 386 2785 a
398 2720 482 2785 belli
496 2720 593 2785 fuero
606 2726 735 2786 terrore.
746 2724 888 2786 remota

141 2832 211 2898 Sed
220 2831 295 2915 jam
301 2830 402 2914 jussa
413 2849 548 2914 sequar,
564 2830 767 2915 Phariisque
781 2830 925 2897 videbor
938 2828 975 2895 in
987 2828 1060 2895 oris

141 2941 265 3009 Tutela
280 2952 402 3006 secura
415 2945 486 3018 tua,
501 2940 683 3025 magnique
697 2942 828 3026 putabo

143 3052 290 3120 Caesaris
306 3048 471 3116 Occidnis
486 3049 621 3117 Alcidae
636 3072 661 3117 a
673 3051 831 3117 Gadibus
844 3064 956 3135 neque

141 3164 253 3229 Eoum
264 3159 408 3243 Gangen
421 3160 596 3226 victricem
610 3160 793 3228 extendere
808 3160 973 3238 dextram,

142 3275 177 3342 A
190 3272 300 3340 Thule
313 3272 357 3338 ad
371 3272 521 3357 populos
535 3270 665 3338 Austri.
675 3277 747 3338 tam
761 3272 886 3338 dissita
898 3270 1030 3339 Mundo

143 3387 273 3453 littora
286 3383 380 3447 nulla
390 3381 520 3466 jacent,
540 3381 660 3466 utjam
674 3382 822 3448 divortia
833 3382 938 3467 longa
965 3388 969 3395 '

143 3496 235 3563 lnter
249 3513 314 3560 nos
325 3493 465 3569 faciant,
480 3492 512 3556 si
527 3492 573 3557 sit
586 3496 657 3557 tam
678 3490 797 3557 Cacsar
811 3492 960 3558 amando
1006 3550 1010 3557 .
1048 3498 1051 3503 '

142 3606 256 3688 Quam
270 3600 439 3673 vincendo
452 3606 555 3672 celer.
569 3604 744 3689 lacrymas¹
754 3610 826 3670 tum
836 3610 961 3690 sponte
974 3602 1141 3671 ementes

143 3719 316 3787 Combibit
330 3737 388 3783 ore
403 3719 507 3784 avido
523 3714 652 3792 Caesar,
668 3715 1006 3801 repetitaquejungit

143 3828 283 3897 Oscula.
332 3826 480 3894 Niliacis
495 3826 632 3892 tandem
651 3825 823 3908 digressus
839 3826 884 3891 ab
899 3824 981 3905 oris,
1132 3880 1136 3885 .

139 3939 268 4007 ’l'endit
281 3939 317 4003 in
331 3936 528 4004 Armeniam
541 3936 684 4019 Libycis
698 3936 851 4001 velocior
860 3932 998 4001 Austris
1143 3924 1146 3928 ’
1229 3948 1234 3957 ·

142 4050 356 4121 Pharnacem
370 4049 572 4134 exquirens3
596 4047 677 4112 altre
690 4046 904 4131 hunc-prope
922 4043 1178 4115 moeniazeloe.

144 4164 289 4242 Invenit,
305 4168 340 4229 et
353 4163 429 4229 solo
449 4165 639 4246 conspectu
655 4160 767 4225 tundit
780 4159 934 4225 inertem.
984 4154 989 4161 '
1102 4178 1108 4213 ι·
1234 4160 1240 4169 “

142 4276 230 4345 Tam
245 4275 313 4342 cito
328 4273 483 4341 devictus
496 4292 622 4358 pugnae
636 4292 706 4337 non
725 4270 797 4340 ulla
809 4262 971 4355 reliquit,¹
1073 4264 1078 4275 '
