<?xml version="1.0" encoding="UTF-8"?>
<!DOCTYPE html PUBLIC "-//W3C//DTD XHTML 1.0 Transitional//EN"
    "http://www.w3.org/TR/xhtml1/DTD/xhtml1-transitional.dtd">
<html xmlns="http://www.w3.org/1999/xhtml" xml:lang="en" lang="en">
 <head>
  <title>
</title>
<meta http-equiv="Content-Type" content="text/html;charset=utf-8" />
  <meta name='ocr-system' content='tesseract 3.04.00' />
  <meta name='ocr-capabilities' content='ocr_page ocr_carea ocr_par ocr_line ocrx_word'/>
</head>
<body>
  <div class='ocr_page' id='page_1' title='image "./mannaeuslucanus00grotgoog/mannaeuslucanus00grotgoog_0250.png"; bbox 0 0 2784 4860; ppageno 0'>
   <div class='ocr_carea' id='block_1_1' title="bbox 355 311 1239 441">
    <p class='ocr_par' dir='ltr' id='par_1_1' title="bbox 355 311 1239 441">
     <span class='ocr_line' id='line_1_1' title="bbox 355 311 1239 441; baseline 0 -3"><span class='ocrx_word' id='word_1_1' title='bbox 355 363 576 441; x_wconf 57' lang='lat' dir='ltr'>clv&#39;lms</span> <span class='ocrx_word' id='word_1_2' title='bbox 614 369 798 441; x_wconf 65' lang='lat' dir='ltr'>,Bubul</span> <span class='ocrx_word' id='word_1_3' title='bbox 843 367 1026 439; x_wconf 71' lang='lat' dir='ltr'>Ltuv.</span> <span class='ocrx_word' id='word_1_4' title='bbox 1171 311 1239 438; x_wconf 57' lang='lat' dir='ltr'>m</span> 
     </span>
    </p>
   </div>
   <div class='ocr_carea' id='block_1_2' title="bbox 138 539 1244 2391">
    <p class='ocr_par' dir='ltr' id='par_1_2' title="bbox 141 539 1056 630">
     <span class='ocr_line' id='line_1_2' title="bbox 141 539 1056 630; baseline -0.005 -19"><span class='ocrx_word' id='word_1_5' title='bbox 141 539 199 612; x_wconf 87' lang='lat' dir='ltr'>Sic</span> <span class='ocrx_word' id='word_1_6' title='bbox 215 547 357 630; x_wconf 78' lang='lat' dir='ltr'>pelagus</span> <span class='ocrx_word' id='word_1_7' title='bbox 376 547 544 611; x_wconf 88' lang='lat' dir='ltr'>mansisse</span> <span class='ocrx_word' id='word_1_8' title='bbox 562 547 652 609; x_wconf 90' lang='lat' dir='ltr'>loco.</span> <span class='ocrx_word' id='word_1_9' title='bbox 674 562 754 608; x_wconf 84' lang='lat' dir='ltr'>nam</span> <span class='ocrx_word' id='word_1_10' title='bbox 768 562 875 625; x_wconf 75' lang='lat' dir='ltr'>parva</span> <span class='ocrx_word' id='word_1_11' title='bbox 894 543 1056 625; x_wconf 79' lang='lat' dir='ltr'>procellis</span> 
     </span>
    </p>

    <p class='ocr_par' dir='ltr' id='par_1_3' title="bbox 138 654 1241 1069">
     <span class='ocr_line' id='line_1_3' title="bbox 138 654 1043 757; baseline -0.002 -35"><span class='ocrx_word' id='word_1_12' title='bbox 138 658 294 739; x_wconf 85' lang='lat' dir='ltr'>AEquora</span> <span class='ocrx_word' id='word_1_13' title='bbox 307 663 406 740; x_wconf 82' lang='lat' dir='ltr'>rapta</span> <span class='ocrx_word' id='word_1_14' title='bbox 419 657 547 720; x_wconf 87' lang='lat' dir='ltr'>ferunt:</span> <span class='ocrx_word' id='word_1_15' title='bbox 561 655 710 757; x_wconf 42' lang='lat' dir='ltr'>&#39;AEgaeas</span> <span class='ocrx_word' id='word_1_16' title='bbox 723 655 842 719; x_wconf 82' lang='lat' dir='ltr'><strong>transit</strong></span> <span class='ocrx_word' id='word_1_17' title='bbox 860 655 896 718; x_wconf 89' lang='lat' dir='ltr'>in</span> <span class='ocrx_word' id='word_1_18' title='bbox 918 654 1043 721; x_wconf 77' lang='lat' dir='ltr'>undae.</span> 
     </span>
     <span class='ocr_line' id='line_1_4' title="bbox 141 763 1176 849; baseline -0.001 -20"><span class='ocrx_word' id='word_1_19' title='bbox 141 766 369 849; x_wconf 86' lang='lat' dir='ltr'>Tyrrhenum:</span> <span class='ocrx_word' id='word_1_20' title='bbox 393 773 492 831; x_wconf 84' lang='lat' dir='ltr'>sonat</span> <span class='ocrx_word' id='word_1_21' title='bbox 511 766 610 830; x_wconf 91' lang='lat' dir='ltr'>Ionio</span> <span class='ocrx_word' id='word_1_22' title='bbox 631 763 863 845; x_wconf 82' lang='lat' dir='ltr'>vagus.Adrio</span> <span class='ocrx_word' id='word_1_23' title='bbox 882 769 999 846; x_wconf 75' lang='lat' dir='ltr'>pontor</span> <span class='ocrx_word' id='word_1_24' title='bbox 1174 825 1176 828; x_wconf 84' lang='lat'>.</span> 
     </span>
     <span class='ocr_line' id='line_1_5' title="bbox 142 871 1241 959; baseline -0.003 -21"><span class='ocrx_word' id='word_1_25' title='bbox 142 875 343 959; x_wconf 82' lang='lat' dir='ltr'>Ahquoties</span> <span class='ocrx_word' id='word_1_26' title='bbox 358 877 480 940; x_wconf 84' lang='lat' dir='ltr'>frustra</span> <span class='ocrx_word' id='word_1_27' title='bbox 494 877 648 958; x_wconf 84' lang='lat' dir='ltr'>pulsatos</span> <span class='ocrx_word' id='word_1_28' title='bbox 670 893 808 956; x_wconf 76' lang='lat' dir='ltr'>aequore</span> <span class='ocrx_word' id='word_1_29' title='bbox 827 878 978 939; x_wconf 76' lang='lat' dir='ltr'>montes*</span> <span class='ocrx_word' id='word_1_30' title='bbox 1173 871 1241 935; x_wconf 75' lang='lat'>615</span> 
     </span>
     <span class='ocr_line' id='line_1_6' title="bbox 142 986 1035 1069; baseline -0.001 -18"><span class='ocrx_word' id='word_1_31' title='bbox 142 988 265 1052; x_wconf 86' lang='lat' dir='ltr'>Obruit</span> <span class='ocrx_word' id='word_1_32' title='bbox 279 990 338 1051; x_wconf 86' lang='lat' dir='ltr'>illa</span> <span class='ocrx_word' id='word_1_33' title='bbox 354 989 445 1055; x_wconf 82' lang='lat' dir='ltr'>dies!</span> <span class='ocrx_word' id='word_1_34' title='bbox 469 1006 572 1069; x_wconf 84' lang='lat' dir='ltr'>quam</span> <span class='ocrx_word' id='word_1_35' title='bbox 594 986 688 1049; x_wconf 82' lang='lat' dir='ltr'>celse</span> <span class='ocrx_word' id='word_1_36' title='bbox 702 986 882 1051; x_wconf 81' lang='lat' dir='ltr'>cacumine</span> <span class='ocrx_word' id='word_1_37' title='bbox 895 1003 1035 1067; x_wconf 85' lang='lat' dir='ltr'>pessum</span> 
     </span>
    </p>

    <p class='ocr_par' dir='ltr' id='par_1_4' title="bbox 142 1096 951 1175">
     <span class='ocr_line' id='line_1_7' title="bbox 142 1096 951 1175; baseline -0.002 -15"><span class='ocrx_word' id='word_1_38' title='bbox 142 1098 259 1162; x_wconf 84' lang='lat' dir='ltr'>Tellus</span> <span class='ocrx_word' id='word_1_39' title='bbox 274 1100 366 1161; x_wconf 83' lang='lat' dir='ltr'>victe</span> <span class='ocrx_word' id='word_1_40' title='bbox 382 1097 493 1160; x_wconf 83' lang='lat' dir='ltr'><strong>dedit!</strong></span> <span class='ocrx_word' id='word_1_41' title='bbox 516 1116 583 1158; x_wconf 91' lang='lat' dir='ltr'>non</span> <span class='ocrx_word' id='word_1_42' title='bbox 598 1096 669 1158; x_wconf 91' lang='lat' dir='ltr'>ullo</span> <span class='ocrx_word' id='word_1_43' title='bbox 684 1097 795 1163; x_wconf 89' lang='lat' dir='ltr'>littore</span> <span class='ocrx_word' id='word_1_44' title='bbox 812 1099 951 1175; x_wconf 85' lang='lat' dir='ltr'>surgunt</span> 
     </span>
    </p>

    <p class='ocr_par' dir='ltr' id='par_1_5' title="bbox 143 1205 957 1287">
     <span class='ocr_line' id='line_1_8' title="bbox 143 1205 957 1287; baseline -0.005 -13"><span class='ocrx_word' id='word_1_45' title='bbox 143 1209 230 1275; x_wconf 84' lang='lat' dir='ltr'>Tum</span> <span class='ocrx_word' id='word_1_46' title='bbox 244 1209 350 1272; x_wconf 82' lang='lat' dir='ltr'>velidi</span> <span class='ocrx_word' id='word_1_47' title='bbox 369 1207 503 1282; x_wconf 89' lang='lat' dir='ltr'>fluctus,</span> <span class='ocrx_word' id='word_1_48' title='bbox 520 1207 656 1287; x_wconf 84' lang='lat' dir='ltr'>alioque</span> <span class='ocrx_word' id='word_1_49' title='bbox 673 1224 718 1267; x_wconf 87' lang='lat' dir='ltr'>ex</span> <span class='ocrx_word' id='word_1_50' title='bbox 738 1207 819 1268; x_wconf 89' lang='lat' dir='ltr'>orbe</span> <span class='ocrx_word' id='word_1_51' title='bbox 838 1205 957 1271; x_wconf 44' lang='lat' dir='ltr'>voluti*</span> 
     </span>
    </p>

    <p class='ocr_par' dir='ltr' id='par_1_6' title="bbox 143 1315 1244 1732">
     <span class='ocr_line' id='line_1_9' title="bbox 143 1315 1234 1401; baseline -0.003 -18"><span class='ocrx_word' id='word_1_52' title='bbox 143 1318 177 1383; x_wconf 92' lang='lat' dir='ltr'><strong>A</strong></span> <span class='ocrx_word' id='word_1_53' title='bbox 198 1339 320 1401; x_wconf 82' lang='lat' dir='ltr'>magno</span> <span class='ocrx_word' id='word_1_54' title='bbox 335 1337 456 1380; x_wconf 89' lang='lat' dir='ltr'>venere</span> <span class='ocrx_word' id='word_1_55' title='bbox 475 1317 571 1392; x_wconf 87' lang='lat' dir='ltr'>mari,</span> <span class='ocrx_word' id='word_1_56' title='bbox 587 1315 815 1396; x_wconf 87' lang='lat' dir='ltr'>mundumque</span> <span class='ocrx_word' id='word_1_57' title='bbox 832 1333 994 1377; x_wconf 80' lang='lat' dir='ltr'>coercens</span> <span class='ocrx_word' id='word_1_58' title='bbox 1158 1376 1160 1380; x_wconf 87' lang='grc'>,</span> <span class='ocrx_word' id='word_1_59' title='bbox 1232 1376 1234 1380; x_wconf 89' lang='grc'>.</span> 
     </span>
     <span class='ocr_line' id='line_1_10' title="bbox 145 1420 1244 1507; baseline -0.006 -13"><span class='ocrx_word' id='word_1_60' title='bbox 145 1429 382 1495; x_wconf 79' lang='lat' dir='ltr'>Monstriferos</span> <span class='ocrx_word' id='word_1_61' title='bbox 403 1427 578 1507; x_wconf 77' lang='lat' dir='ltr'>agitanda</span> <span class='ocrx_word' id='word_1_62' title='bbox 593 1427 698 1489; x_wconf 88' lang='lat' dir='ltr'>sinus.</span> <span class='ocrx_word' id='word_1_63' title='bbox 744 1423 802 1486; x_wconf 88' lang='lat' dir='ltr'>Sic</span> <span class='ocrx_word' id='word_1_64' title='bbox 824 1428 935 1487; x_wconf 90' lang='lat' dir='ltr'>rector</span> <span class='ocrx_word' id='word_1_65' title='bbox 952 1421 1091 1506; x_wconf 85' lang='lat' dir='ltr'><strong>Olympi</strong></span> <span class='ocrx_word' id='word_1_66' title='bbox 1175 1420 1244 1497; x_wconf 75' lang='lat'>62⁰</span> 
     </span>
     <span class='ocr_line' id='line_1_11' title="bbox 144 1534 1233 1619; baseline -0.006 -17"><span class='ocrx_word' id='word_1_67' title='bbox 144 1537 295 1619; x_wconf 85' lang='lat' dir='ltr'>Cuspide</span> <span class='ocrx_word' id='word_1_68' title='bbox 310 1538 456 1602; x_wconf 84' lang='lat' dir='ltr'>fraterno</span> <span class='ocrx_word' id='word_1_69' title='bbox 478 1537 641 1603; x_wconf 81' lang='lat' dir='ltr'>lassatum</span> <span class='ocrx_word' id='word_1_70' title='bbox 656 1537 692 1598; x_wconf 92' lang='lat' dir='ltr'>in</span> <span class='ocrx_word' id='word_1_71' title='bbox 702 1535 832 1598; x_wconf 83' lang='lat' dir='ltr'>secula</span> <span class='ocrx_word' id='word_1_72' title='bbox 845 1534 974 1597; x_wconf 86' lang='lat' dir='ltr'>fulmen</span> <span class='ocrx_word' id='word_1_73' title='bbox 1231 1552 1233 1559; x_wconf 90' lang='lat'>·</span> 
     </span>
     <span class='ocr_line' id='line_1_12' title="bbox 144 1645 940 1732; baseline -0.003 -21"><span class='ocrx_word' id='word_1_74' title='bbox 144 1647 298 1732; x_wconf 87' lang='lat' dir='ltr'>Adjuvit,</span> <span class='ocrx_word' id='word_1_75' title='bbox 314 1668 485 1730; x_wconf 82' lang='lat' dir='ltr'>regnoque</span> <span class='ocrx_word' id='word_1_76' title='bbox 508 1648 656 1717; x_wconf 87' lang='lat' dir='ltr'>accessit</span> <span class='ocrx_word' id='word_1_77' title='bbox 673 1652 762 1710; x_wconf 87' lang='lat' dir='ltr'>terra</span> <span class='ocrx_word' id='word_1_78' title='bbox 775 1645 940 1720; x_wconf 89' lang='lat' dir='ltr'>secundo,</span> 
     </span>
    </p>

    <p class='ocr_par' dir='ltr' id='par_1_7' title="bbox 145 1754 1049 1838">
     <span class='ocr_line' id='line_1_13' title="bbox 145 1754 1049 1838; baseline -0.006 -16"><span class='ocrx_word' id='word_1_79' title='bbox 145 1758 233 1822; x_wconf 84' lang='lat' dir='ltr'>Cum</span> <span class='ocrx_word' id='word_1_80' title='bbox 254 1780 345 1827; x_wconf 80' lang='lat' dir='ltr'>mare</span> <span class='ocrx_word' id='word_1_81' title='bbox 366 1759 538 1822; x_wconf 86' lang='lat' dir='ltr'>convolvit</span> <span class='ocrx_word' id='word_1_82' title='bbox 552 1763 678 1838; x_wconf 83' lang='lat' dir='ltr'>gentes,</span> <span class='ocrx_word' id='word_1_83' title='bbox 701 1777 778 1823; x_wconf 86' lang='lat' dir='ltr'>cum</span> <span class='ocrx_word' id='word_1_84' title='bbox 793 1757 907 1823; x_wconf 78' lang='lat' dir='ltr'>littora</span> <span class='ocrx_word' id='word_1_85' title='bbox 921 1754 1049 1836; x_wconf 83' lang='lat' dir='ltr'>Tethys</span> 
     </span>
    </p>

    <p class='ocr_par' dir='ltr' id='par_1_8' title="bbox 145 1867 876 1951">
     <span class='ocr_line' id='line_1_14' title="bbox 145 1867 876 1951; baseline -0.003 -16"><span class='ocrx_word' id='word_1_86' title='bbox 145 1869 267 1935; x_wconf 88' lang='lat' dir='ltr'>Noluit</span> <span class='ocrx_word' id='word_1_87' title='bbox 284 1871 355 1932; x_wconf 84' lang='lat' dir='ltr'>ulla</span> <span class='ocrx_word' id='word_1_88' title='bbox 375 1870 458 1951; x_wconf 84' lang='lat' dir='ltr'>pati,</span> <span class='ocrx_word' id='word_1_89' title='bbox 475 1869 565 1931; x_wconf 88' lang='lat' dir='ltr'>coelo</span> <span class='ocrx_word' id='word_1_90' title='bbox 581 1872 739 1933; x_wconf 84' lang='lat' dir='ltr'>contento</span> <span class='ocrx_word' id='word_1_91' title='bbox 760 1867 876 1934; x_wconf 44' lang='lat' dir='ltr'>tenerit</span> 
     </span>
    </p>

    <p class='ocr_par' dir='ltr' id='par_1_9' title="bbox 142 1975 1243 2172">
     <span class='ocr_line' id='line_1_15' title="bbox 142 1975 1243 2061; baseline 0 -17"><span class='ocrx_word' id='word_1_92' title='bbox 142 1978 242 2044; x_wconf 87' lang='lat' dir='ltr'>Tunc</span> <span class='ocrx_word' id='word_1_93' title='bbox 255 1999 390 2061; x_wconf 89' lang='lat' dir='ltr'>quoque</span> <span class='ocrx_word' id='word_1_94' title='bbox 409 1983 503 2044; x_wconf 84' lang='lat' dir='ltr'>tante</span> <span class='ocrx_word' id='word_1_95' title='bbox 522 1979 624 2042; x_wconf 83' lang='lat' dir='ltr'>muris</span> <span class='ocrx_word' id='word_1_96' title='bbox 645 1977 752 2044; x_wconf 84' lang='lat' dir='ltr'>moles</span> <span class='ocrx_word' id='word_1_97' title='bbox 768 1977 931 2042; x_wconf 86' lang='lat' dir='ltr'>crevisset</span> <span class='ocrx_word' id='word_1_98' title='bbox 954 1975 989 2038; x_wconf 91' lang='lat' dir='ltr'>iu</span> <span class='ocrx_word' id='word_1_99' title='bbox 1004 1979 1106 2054; x_wconf 78' lang='lat' dir='ltr'>astra,</span> <span class='ocrx_word' id='word_1_100' title='bbox 1176 1975 1243 2045; x_wconf 71' lang='lat'>625</span> 
     </span>
     <span class='ocr_line' id='line_1_16' title="bbox 145 2085 994 2172; baseline -0.005 -18"><span class='ocrx_word' id='word_1_101' title='bbox 145 2088 194 2154; x_wconf 93' lang='lat' dir='ltr'>Ni</span> <span class='ocrx_word' id='word_1_102' title='bbox 210 2089 376 2172; x_wconf 86' lang='lat' dir='ltr'>Superum</span> <span class='ocrx_word' id='word_1_103' title='bbox 391 2096 501 2152; x_wconf 86' lang='lat' dir='ltr'>rector</span> <span class='ocrx_word' id='word_1_104' title='bbox 516 2088 696 2172; x_wconf 89' lang='lat' dir='ltr'>pressisset</span> <span class='ocrx_word' id='word_1_105' title='bbox 709 2087 857 2154; x_wconf 90' lang='lat' dir='ltr'>nubibus</span> <span class='ocrx_word' id='word_1_106' title='bbox 872 2085 994 2153; x_wconf 78' lang='lat' dir='ltr'>undas.</span> 
     </span>
    </p>

    <p class='ocr_par' dir='ltr' id='par_1_10' title="bbox 144 2197 917 2288">
     <span class='ocr_line' id='line_1_17' title="bbox 144 2197 917 2288; baseline -0.012 -22"><span class='ocrx_word' id='word_1_107' title='bbox 144 2197 227 2266; x_wconf 88' lang='lat' dir='ltr'>Nou</span> <span class='ocrx_word' id='word_1_108' title='bbox 242 2201 322 2262; x_wconf 87' lang='lat' dir='ltr'>coeli</span> <span class='ocrx_word' id='word_1_109' title='bbox 344 2220 414 2264; x_wconf 84' lang='lat' dir='ltr'>nox</span> <span class='ocrx_word' id='word_1_110' title='bbox 428 2200 489 2262; x_wconf 85' lang='lat' dir='ltr'>illa</span> <span class='ocrx_word' id='word_1_111' title='bbox 503 2199 586 2265; x_wconf 87' lang='lat' dir='ltr'>fuit:</span> <span class='ocrx_word' id='word_1_112' title='bbox 609 2197 917 2288; x_wconf 76' lang='lat' dir='ltr'>letetobsituseer</span> 
     </span>
    </p>

    <p class='ocr_par' dir='ltr' id='par_1_11' title="bbox 142 2286 984 2391">
     <span class='ocr_line' id='line_1_18' title="bbox 142 2286 984 2391; baseline -0.011 -15"><span class='ocrx_word' id='word_1_113' title='bbox 142 2307 291 2376; x_wconf 78' lang='lat' dir='ltr'>Infernae</span> <span class='ocrx_word' id='word_1_114' title='bbox 313 2311 442 2391; x_wconf 86' lang='lat' dir='ltr'>pallore</span> <span class='ocrx_word' id='word_1_115' title='bbox 465 2286 804 2389; x_wconf 65' lang='lat' dir='ltr'>domusuinibisque</span> <span class='ocrx_word' id='word_1_116' title='bbox 826 2309 984 2386; x_wconf 79' lang='lat' dir='ltr'>gravatus</span> 
     </span>
    </p>
   </div>
   <div class='ocr_carea' id='block_1_3' title="bbox 178 2483 1206 2618">
    <p class='ocr_par' dir='ltr' id='par_1_12' title="bbox 178 2483 1206 2618">
     <span class='ocr_line' id='line_1_19' title="bbox 178 2483 1206 2552; baseline 0.001 -16"><span class='ocrx_word' id='word_1_117' title='bbox 178 2493 226 2538; x_wconf 79' lang='lat'>615</span> <span class='ocrx_word' id='word_1_118' title='bbox 239 2490 285 2546; x_wconf 80' lang='lat' dir='ltr'>Ha,</span> <span class='ocrx_word' id='word_1_119' title='bbox 296 2492 323 2537; x_wconf 76' lang='lat' dir='ltr'>A.</span> <span class='ocrx_word' id='word_1_120' title='bbox 406 2492 508 2538; x_wconf 73' lang='lat' dir='ltr'>stoue.</span> <span class='ocrx_word' id='word_1_121' title='bbox 591 2492 693 2539; x_wconf 72' lang='lat' dir='ltr'>elren.</span> <span class='ocrx_word' id='word_1_122' title='bbox 776 2491 929 2540; x_wconf 62' lang='lat' dir='ltr'>creatores.</span> <span class='ocrx_word' id='word_1_123' title='bbox 1012 2483 1206 2552; x_wconf 58' lang='lat' dir='ltr'>sennensem.</span> 
     </span>
     <span class='ocr_line' id='line_1_20' title="bbox 188 2555 1175 2618; baseline -0.002 -15"><span class='ocrx_word' id='word_1_124' title='bbox 188 2556 472 2618; x_wconf 70' lang='lat' dir='ltr'>622Adjuuut,etregno.</span> <span class='ocrx_word' id='word_1_125' title='bbox 522 2558 586 2608; x_wconf 71' lang='lat'>,625</span> <span class='ocrx_word' id='word_1_126' title='bbox 600 2556 664 2612; x_wconf 75' lang='lat' dir='ltr'>Tum,</span> <span class='ocrx_word' id='word_1_127' title='bbox 677 2555 763 2602; x_wconf 56' lang='lat' dir='ltr'>Nune»</span> <span class='ocrx_word' id='word_1_128' title='bbox 820 2556 948 2604; x_wconf 72' lang='lat' dir='ltr'>stecoris.</span> <span class='ocrx_word' id='word_1_129' title='bbox 1014 2555 1175 2616; x_wconf 67' lang='lat' dir='ltr'>6²8squoiore.</span> 
     </span>
    </p>
   </div>
   <div class='ocr_carea' id='block_1_4' title="bbox 146 2714 1244 2971">
    <p class='ocr_par' dir='ltr' id='par_1_13' title="bbox 146 2714 1244 2971">
     <span class='ocr_line' id='line_1_21' title="bbox 178 2714 1244 2777; baseline -0.002 -14"><span class='ocrx_word' id='word_1_130' title='bbox 178 2721 235 2765; x_wconf 70' lang='lat'>612.</span> <span class='ocrx_word' id='word_1_131' title='bbox 255 2716 420 2763; x_wconf 69' lang='lat' dir='ltr'>transierum.</span> <span class='ocrx_word' id='word_1_132' title='bbox 439 2719 501 2763; x_wconf 81' lang='lat' dir='ltr'>lntru</span> <span class='ocrx_word' id='word_1_133' title='bbox 520 2731 560 2761; x_wconf 80' lang='lat' dir='ltr'>sue</span> <span class='ocrx_word' id='word_1_134' title='bbox 578 2717 646 2763; x_wconf 82' lang='lat' dir='ltr'>litore</span> <span class='ocrx_word' id='word_1_135' title='bbox 657 2724 681 2762; x_wconf 90' lang='lat' dir='ltr'>et</span> <span class='ocrx_word' id='word_1_136' title='bbox 739 2718 795 2765; x_wconf 69' lang='lat'>621.</span> <span class='ocrx_word' id='word_1_137' title='bbox 814 2714 843 2760; x_wconf 86' lang='lat' dir='ltr'>ln</span> <span class='ocrx_word' id='word_1_138' title='bbox 852 2714 945 2777; x_wconf 68' lang='lat' dir='ltr'>seculo]</span> <span class='ocrx_word' id='word_1_139' title='bbox 963 2717 1008 2761; x_wconf 85' lang='lat' dir='ltr'>l‘er</span> <span class='ocrx_word' id='word_1_140' title='bbox 1020 2722 1056 2761; x_wconf 89' lang='lat' dir='ltr'>tot</span> <span class='ocrx_word' id='word_1_141' title='bbox 1067 2715 1157 2770; x_wconf 82' lang='lat' dir='ltr'>seculu3</span> <span class='ocrx_word' id='word_1_142' title='bbox 1173 2723 1197 2762; x_wconf 91' lang='lat' dir='ltr'>et</span> <span class='ocrx_word' id='word_1_143' title='bbox 1214 2718 1244 2762; x_wconf 87' lang='lat' dir='ltr'>ob</span> 
     </span>
     <span class='ocr_line' id='line_1_22' title="bbox 147 2780 1242 2842; baseline -0.001 -13"><span class='ocrx_word' id='word_1_144' title='bbox 147 2788 220 2829; x_wconf 85' lang='lat' dir='ltr'>metes</span> <span class='ocrx_word' id='word_1_145' title='bbox 233 2784 356 2830; x_wconf 87' lang='lat' dir='ltr'>coercitum</span> <span class='ocrx_word' id='word_1_146' title='bbox 372 2783 449 2829; x_wconf 86' lang='lat' dir='ltr'>fuisse.</span> <span class='ocrx_word' id='word_1_147' title='bbox 469 2780 528 2827; x_wconf 86' lang='lat' dir='ltr'>Num</span> <span class='ocrx_word' id='word_1_148' title='bbox 545 2796 614 2840; x_wconf 83' lang='lat' dir='ltr'>parva</span> <span class='ocrx_word' id='word_1_149' title='bbox 630 2797 681 2841; x_wconf 69' lang='lat' dir='ltr'>pro</span> <span class='ocrx_word' id='word_1_150' title='bbox 706 2786 740 2826; x_wconf 91' lang='lat' dir='ltr'>tot</span> <span class='ocrx_word' id='word_1_151' title='bbox 760 2781 889 2827; x_wconf 80' lang='lat' dir='ltr'>seculorrun</span> <span class='ocrx_word' id='word_1_152' title='bbox 906 2786 1044 2842; x_wconf 84' lang='lat' dir='ltr'>perpetuum</span> <span class='ocrx_word' id='word_1_153' title='bbox 1061 2795 1129 2826; x_wconf 85' lang='lat' dir='ltr'>usum</span> <span class='ocrx_word' id='word_1_154' title='bbox 1149 2781 1242 2828; x_wconf 66' lang='lat' dir='ltr'>ltebelee</span> 
     </span>
     <span class='ocr_line' id='line_1_23' title="bbox 146 2843 885 2907; baseline -0.009 -12"><span class='ocrx_word' id='word_1_155' title='bbox 146 2846 215 2899; x_wconf 76' lang='lat' dir='ltr'>cellis,</span> <span class='ocrx_word' id='word_1_156' title='bbox 227 2845 283 2907; x_wconf 60' lang='grc' dir='ltr'>δια]</span> <span class='ocrx_word' id='word_1_157' title='bbox 301 2849 354 2892; x_wconf 89' lang='lat' dir='ltr'>Non</span> <span class='ocrx_word' id='word_1_158' title='bbox 365 2862 416 2892; x_wconf 84' lang='lat' dir='ltr'>raro</span> <span class='ocrx_word' id='word_1_159' title='bbox 431 2845 491 2891; x_wconf 90' lang='lat' dir='ltr'>euim</span> <span class='ocrx_word' id='word_1_160' title='bbox 510 2846 682 2892; x_wconf 82' lang='lat' dir='ltr'>diversamuria</span> <span class='ocrx_word' id='word_1_161' title='bbox 707 2852 763 2890; x_wconf 87' lang='lat' dir='ltr'>tum.</span> <span class='ocrx_word' id='word_1_162' title='bbox 783 2843 885 2889; x_wconf 75' lang='lat' dir='ltr'>Hmtens.</span> 
     </span>
     <span class='ocr_line' id='line_1_24' title="bbox 148 2907 1242 2971; baseline -0.001 -15"><span class='ocrx_word' id='word_1_163' title='bbox 148 2910 225 2956; x_wconf 82' lang='lat' dir='ltr'>ventis</span> <span class='ocrx_word' id='word_1_164' title='bbox 240 2918 305 2969; x_wconf 80' lang='lat' dir='ltr'>raptu</span> <span class='ocrx_word' id='word_1_165' title='bbox 315 2911 439 2956; x_wconf 85' lang='lat' dir='ltr'>miscentur</span> <span class='ocrx_word' id='word_1_166' title='bbox 453 2909 519 2965; x_wconf 81' lang='lat' dir='ltr'>uliis;</span> <span class='ocrx_word' id='word_1_167' title='bbox 536 2909 570 2956; x_wconf 89' lang='lat' dir='ltr'>uti</span> <span class='ocrx_word' id='word_1_168' title='bbox 585 2909 683 2968; x_wconf 80' lang='lat' dir='ltr'>Tyrrhe·</span> <span class='ocrx_word' id='word_1_169' title='bbox 740 2911 795 2958; x_wconf 60' lang='lat'>6‘22.</span> <span class='ocrx_word' id='word_1_170' title='bbox 814 2907 932 2969; x_wconf 72' lang='lat' dir='ltr'>Regnaque</span> <span class='ocrx_word' id='word_1_171' title='bbox 940 2907 1048 2971; x_wconf 74' lang='lat' dir='ltr'>accessit]</span> <span class='ocrx_word' id='word_1_172' title='bbox 1066 2909 1119 2954; x_wconf 81' lang='lat' dir='ltr'>Hoc</span> <span class='ocrx_word' id='word_1_173' title='bbox 1128 2915 1164 2954; x_wconf 87' lang='lat' dir='ltr'>est</span> <span class='ocrx_word' id='word_1_174' title='bbox 1174 2914 1242 2955; x_wconf 67' lang='lat' dir='ltr'>terroe</span> 
     </span>
    </p>
   </div>
   <div class='ocr_carea' id='block_1_5' title="bbox 147 2971 1320 3033">
    <p class='ocr_par' dir='ltr' id='par_1_14' title="bbox 147 2971 1320 3033">
     <span class='ocr_line' id='line_1_25' title="bbox 147 2971 1320 3033; baseline -0.002 -12"><span class='ocrx_word' id='word_1_175' title='bbox 147 2991 203 3022; x_wconf 86' lang='lat' dir='ltr'>num</span> <span class='ocrx_word' id='word_1_176' title='bbox 215 2976 303 3033; x_wconf 75' lang='lat' dir='ltr'>AEgoec,</span> <span class='ocrx_word' id='word_1_177' title='bbox 316 2976 381 3020; x_wconf 92' lang='lat' dir='ltr'>lonio</span> <span class='ocrx_word' id='word_1_178' title='bbox 392 2974 541 3020; x_wconf 78' lang='lat' dir='ltr'>Adriaticum.</span> <span class='ocrx_word' id='word_1_179' title='bbox 707 2988 770 3018; x_wconf 85' lang='lat' dir='ltr'>mure</span> <span class='ocrx_word' id='word_1_180' title='bbox 780 2972 877 3018; x_wconf 79' lang='lat' dir='ltr'>mixtum</span> <span class='ocrx_word' id='word_1_181' title='bbox 893 2972 944 3027; x_wconf 84' lang='lat' dir='ltr'>fuit,</span> <span class='ocrx_word' id='word_1_182' title='bbox 959 2978 983 3016; x_wconf 92' lang='lat' dir='ltr'>et</span> <span class='ocrx_word' id='word_1_183' title='bbox 998 2986 1060 3017; x_wconf 78' lang='lat' dir='ltr'>mure</span> <span class='ocrx_word' id='word_1_184' title='bbox 1075 2971 1142 3019; x_wconf 68' lang='lat' dir='ltr'>coelo,</span> <span class='ocrx_word' id='word_1_185' title='bbox 1150 2991 1152 2994; x_wconf 93' lang='lat'>·</span> <span class='ocrx_word' id='word_1_186' title='bbox 1160 2972 1204 3019; x_wconf 86' lang='lat' dir='ltr'>Vel</span> <span class='ocrx_word' id='word_1_187' title='bbox 1218 2979 1245 3021; x_wconf 84' lang='lat' dir='ltr'>ut</span> <span class='ocrx_word' id='word_1_188' title='bbox 1316 2996 1320 3003; x_wconf 77' lang='lat'>=</span> 
     </span>
    </p>
   </div>
   <div class='ocr_carea' id='block_1_6' title="bbox 146 3035 1245 4462">
    <p class='ocr_par' dir='ltr' id='par_1_15' title="bbox 146 3035 1245 3417">
     <span class='ocr_line' id='line_1_26' title="bbox 181 3035 1243 3102; baseline -0.001 -17"><span class='ocrx_word' id='word_1_189' title='bbox 181 3041 237 3085; x_wconf 81' lang='lat'><strong>615.</strong></span> <span class='ocrx_word' id='word_1_190' title='bbox 255 3039 289 3084; x_wconf 79' lang='lat' dir='ltr'>Al</span> <span class='ocrx_word' id='word_1_191' title='bbox 301 3041 382 3100; x_wconf 78' lang='lat' dir='ltr'>quoties</span> <span class='ocrx_word' id='word_1_192' title='bbox 390 3038 493 3102; x_wconf 63' lang='lat' dir='ltr'>frustra,</span> <span class='ocrx_word' id='word_1_193' title='bbox 504 3036 560 3099; x_wconf 72' lang='lat' dir='ltr'>dcc]</span> <span class='ocrx_word' id='word_1_194' title='bbox 579 3037 614 3082; x_wconf 80' lang='lat' dir='ltr'>At</span> <span class='ocrx_word' id='word_1_195' title='bbox 626 3053 682 3096; x_wconf 88' lang='lat' dir='ltr'>quo-</span> <span class='ocrx_word' id='word_1_196' title='bbox 708 3036 743 3082; x_wconf 81' lang='lat' dir='ltr'>Cl.</span> <span class='ocrx_word' id='word_1_197' title='bbox 757 3036 854 3082; x_wconf 85' lang='lat' dir='ltr'>Grotius</span> <span class='ocrx_word' id='word_1_198' title='bbox 872 3043 934 3082; x_wconf 87' lang='lat' dir='ltr'>recte</span> <span class='ocrx_word' id='word_1_199' title='bbox 952 3035 1062 3096; x_wconf 86' lang='lat' dir='ltr'>exponit:</span> <span class='ocrx_word' id='word_1_200' title='bbox 1078 3037 1150 3082; x_wconf 76' lang='lat' dir='ltr'>&#39;l&#39;erru</span> <span class='ocrx_word' id='word_1_201' title='bbox 1166 3051 1243 3084; x_wconf 82' lang='lat' dir='ltr'>ueces-</span> 
     </span>
     <span class='ocr_line' id='line_1_27' title="bbox 149 3100 1245 3162; baseline -0.002 -13"><span class='ocrx_word' id='word_1_202' title='bbox 149 3102 193 3149; x_wconf 87' lang='lat' dir='ltr'>ties</span> <span class='ocrx_word' id='word_1_203' title='bbox 202 3110 326 3162; x_wconf 83' lang='lat' dir='ltr'>tempestas</span> <span class='ocrx_word' id='word_1_204' title='bbox 338 3103 377 3148; x_wconf 88' lang='lat' dir='ltr'>illa</span> <span class='ocrx_word' id='word_1_205' title='bbox 385 3112 465 3149; x_wconf 79' lang='lat' dir='ltr'>conatu</span> <span class='ocrx_word' id='word_1_206' title='bbox 475 3110 511 3148; x_wconf 87' lang='lat' dir='ltr'>est</span> <span class='ocrx_word' id='word_1_207' title='bbox 521 3103 619 3147; x_wconf 88' lang='lat' dir='ltr'>obruere</span> <span class='ocrx_word' id='word_1_208' title='bbox 628 3102 682 3147; x_wconf 87' lang='lat' dir='ltr'>tluc·</span> <span class='ocrx_word' id='word_1_209' title='bbox 709 3102 744 3146; x_wconf 86' lang='lat' dir='ltr'>sio</span> <span class='ocrx_word' id='word_1_210' title='bbox 755 3101 815 3146; x_wconf 77' lang='lat' dir='ltr'>suctu</span> <span class='ocrx_word' id='word_1_211' title='bbox 826 3108 862 3146; x_wconf 87' lang='lat' dir='ltr'>est</span> <span class='ocrx_word' id='word_1_212' title='bbox 873 3102 923 3159; x_wconf 89' lang='lat' dir='ltr'>ejus</span> <span class='ocrx_word' id='word_1_213' title='bbox 933 3100 1011 3153; x_wconf 82' lang='lat' dir='ltr'>sortis,</span> <span class='ocrx_word' id='word_1_214' title='bbox 1020 3115 1071 3158; x_wconf 80' lang='lat' dir='ltr'>quae</span> <span class='ocrx_word' id='word_1_215' title='bbox 1085 3100 1194 3160; x_wconf 90' lang='lat' dir='ltr'>Neptuno</span> <span class='ocrx_word' id='word_1_216' title='bbox 1203 3102 1245 3147; x_wconf 89' lang='lat' dir='ltr'>ob-</span> 
     </span>
     <span class='ocr_line' id='line_1_28' title="bbox 148 3163 1243 3226; baseline -0.002 -12"><span class='ocrx_word' id='word_1_217' title='bbox 148 3166 212 3214; x_wconf 85' lang='lat' dir='ltr'>tibus</span> <span class='ocrx_word' id='word_1_218' title='bbox 223 3168 405 3213; x_wconf 87' lang='lat' dir='ltr'>summoslitoris</span> <span class='ocrx_word' id='word_1_219' title='bbox 417 3175 513 3221; x_wconf 83' lang='lat' dir='ltr'>montes,</span> <span class='ocrx_word' id='word_1_220' title='bbox 525 3181 594 3226; x_wconf 91' lang='lat' dir='ltr'>quum</span> <span class='ocrx_word' id='word_1_221' title='bbox 614 3165 683 3211; x_wconf 88' lang='lat' dir='ltr'>tellus</span> <span class='ocrx_word' id='word_1_222' title='bbox 709 3170 811 3211; x_wconf 79' lang='lat' dir='ltr'>venerut.</span> <span class='ocrx_word' id='word_1_223' title='bbox 831 3163 952 3226; x_wconf 76' lang='lat' dir='ltr'>Regnopue</span> <span class='ocrx_word' id='word_1_224' title='bbox 970 3164 1059 3210; x_wconf 80' lang='lat' dir='ltr'>accessit</span> <span class='ocrx_word' id='word_1_225' title='bbox 1077 3163 1158 3225; x_wconf 76' lang='lat' dir='ltr'>terre]</span> <span class='ocrx_word' id='word_1_226' title='bbox 1177 3164 1243 3212; x_wconf 82' lang='lat' dir='ltr'>Mure</span> 
     </span>
     <span class='ocr_line' id='line_1_29' title="bbox 147 3227 1243 3294; baseline 0 -18"><span class='ocrx_word' id='word_1_227' title='bbox 147 3231 214 3294; x_wconf 80' lang='lat' dir='ltr'>quusi</span> <span class='ocrx_word' id='word_1_228' title='bbox 226 3232 287 3277; x_wconf 83' lang='lat' dir='ltr'>rictu</span> <span class='ocrx_word' id='word_1_229' title='bbox 300 3232 350 3277; x_wconf 81' lang='lat' dir='ltr'>visa</span> <span class='ocrx_word' id='word_1_230' title='bbox 368 3232 435 3276; x_wconf 85' lang='lat' dir='ltr'>estin</span> <span class='ocrx_word' id='word_1_231' title='bbox 448 3231 585 3290; x_wconf 79' lang='lat' dir='ltr'>profundum</span> <span class='ocrx_word' id='word_1_232' title='bbox 595 3230 683 3276; x_wconf 88' lang='lat' dir='ltr'>demer-</span> <span class='ocrx_word' id='word_1_233' title='bbox 706 3240 730 3286; x_wconf 82' lang='lat' dir='ltr'>et</span> <span class='ocrx_word' id='word_1_234' title='bbox 741 3227 900 3275; x_wconf 81' lang='lat' dir='ltr'>tellusnullnm</span> <span class='ocrx_word' id='word_1_235' title='bbox 909 3229 1025 3274; x_wconf 78' lang='lat' dir='ltr'>discrimen</span> <span class='ocrx_word' id='word_1_236' title='bbox 1034 3227 1149 3274; x_wconf 78' lang='lat' dir='ltr'>latebant.</span> <span class='ocrx_word' id='word_1_237' title='bbox 1161 3227 1243 3276; x_wconf 70' lang='lat' dir='ltr'>Semen-</span> 
     </span>
     <span class='ocr_line' id='line_1_30' title="bbox 146 3291 1243 3359; baseline -0.004 -17"><span class='ocrx_word' id='word_1_238' title='bbox 146 3312 204 3359; x_wconf 75' lang='lat' dir='ltr'>gere</span> <span class='ocrx_word' id='word_1_239' title='bbox 216 3297 277 3342; x_wconf 85' lang='lat' dir='ltr'>oelsu</span> <span class='ocrx_word' id='word_1_240' title='bbox 287 3296 406 3342; x_wconf 77' lang='lat' dir='ltr'>cacumine</span> <span class='ocrx_word' id='word_1_241' title='bbox 415 3311 429 3340; x_wconf 82' lang='lat' dir='ltr'><strong>a</strong></span> <span class='ocrx_word' id='word_1_242' title='bbox 439 3294 496 3340; x_wconf 84' lang='lat' dir='ltr'>muri</span> <span class='ocrx_word' id='word_1_243' title='bbox 508 3295 628 3353; x_wconf 75' lang='lat' dir='ltr'>superata!</span> <span class='ocrx_word' id='word_1_244' title='bbox 642 3296 683 3340; x_wconf 85' lang='lat' dir='ltr'>sed</span> <span class='ocrx_word' id='word_1_245' title='bbox 709 3293 743 3347; x_wconf 91' lang='lat' dir='ltr'>do,</span> <span class='ocrx_word' id='word_1_246' title='bbox 755 3293 811 3356; x_wconf 64' lang='grc' dir='ltr'>δια]</span> <span class='ocrx_word' id='word_1_247' title='bbox 824 3293 884 3338; x_wconf 85' lang='lat' dir='ltr'>Muri</span> <span class='ocrx_word' id='word_1_248' title='bbox 894 3292 977 3354; x_wconf 91' lang='lat' dir='ltr'>(quod,</span> <span class='ocrx_word' id='word_1_249' title='bbox 987 3292 1010 3337; x_wconf 87' lang='lat' dir='ltr'>in</span> <span class='ocrx_word' id='word_1_250' title='bbox 1022 3291 1144 3336; x_wconf 85' lang='lat' dir='ltr'>sortitione</span> <span class='ocrx_word' id='word_1_251' title='bbox 1160 3308 1243 3353; x_wconf 83' lang='lat' dir='ltr'>regno-</span> 
     </span>
     <span class='ocr_line' id='line_1_31' title="bbox 149 3356 1243 3417; baseline -0.004 -11"><span class='ocrx_word' id='word_1_252' title='bbox 149 3361 240 3408; x_wconf 78' lang='lat' dir='ltr'>irustre.</span> <span class='ocrx_word' id='word_1_253' title='bbox 708 3373 759 3408; x_wconf 88' lang='lat' dir='ltr'>rum</span> <span class='ocrx_word' id='word_1_254' title='bbox 778 3357 878 3414; x_wconf 81' lang='lat' dir='ltr'>Saturni,</span> <span class='ocrx_word' id='word_1_255' title='bbox 894 3359 1004 3417; x_wconf 86' lang='lat' dir='ltr'>Neptuno</span> <span class='ocrx_word' id='word_1_256' title='bbox 1022 3362 1130 3412; x_wconf 75' lang='lat' dir='ltr'>cesserat,</span> <span class='ocrx_word' id='word_1_257' title='bbox 1149 3362 1175 3402; x_wconf 90' lang='lat' dir='ltr'>ut</span> <span class='ocrx_word' id='word_1_258' title='bbox 1189 3356 1243 3404; x_wconf 85' lang='lat' dir='ltr'>vai</span> 
     </span>
    </p>

    <p class='ocr_par' dir='ltr' id='par_1_16' title="bbox 148 3418 1244 3677">
     <span class='ocr_line' id='line_1_32' title="bbox 182 3418 1244 3484; baseline -0.002 -14"><span class='ocrx_word' id='word_1_259' title='bbox 182 3427 237 3472; x_wconf 85' lang='lat'><strong>616.</strong></span> <span class='ocrx_word' id='word_1_260' title='bbox 257 3423 354 3480; x_wconf 68' lang='lat' dir='ltr'>Possim,</span> <span class='ocrx_word' id='word_1_261' title='bbox 363 3422 419 3484; x_wconf 75' lang='lat' dir='ltr'>dre]</span> <span class='ocrx_word' id='word_1_262' title='bbox 431 3424 529 3476; x_wconf 84' lang='lat' dir='ltr'>Tmesis,</span> <span class='ocrx_word' id='word_1_263' title='bbox 538 3438 580 3482; x_wconf 91' lang='lat' dir='ltr'>pro</span> <span class='ocrx_word' id='word_1_264' title='bbox 588 3437 683 3482; x_wconf 78' lang='lat' dir='ltr'>perurm·</span> <span class='ocrx_word' id='word_1_265' title='bbox 709 3422 800 3474; x_wconf 84' lang='lat' dir='ltr'>coelum.</span> <span class='ocrx_word' id='word_1_266' title='bbox 811 3421 876 3466; x_wconf 80' lang='lat' dir='ltr'>inferi</span> <span class='ocrx_word' id='word_1_267' title='bbox 887 3418 993 3484; x_wconf 91' lang='lat' dir='ltr'>Plutoni)</span> <span class='ocrx_word' id='word_1_268' title='bbox 1005 3425 1065 3470; x_wconf 79' lang='lat' dir='ltr'>terre</span> <span class='ocrx_word' id='word_1_269' title='bbox 1076 3421 1244 3474; x_wconf 75' lang='lat' dir='ltr'>occessiosuctu</span> 
     </span>
     <span class='ocr_line' id='line_1_33' title="bbox 148 3485 1023 3551; baseline -0.007 -16"><span class='ocrx_word' id='word_1_270' title='bbox 148 3490 218 3548; x_wconf 76' lang='lat' dir='ltr'>dedit,</span> <span class='ocrx_word' id='word_1_271' title='bbox 235 3504 303 3547; x_wconf 85' lang='lat' dir='ltr'>quum</span> <span class='ocrx_word' id='word_1_272' title='bbox 313 3489 377 3540; x_wconf 81' lang='lat' dir='ltr'>rubie</span> <span class='ocrx_word' id='word_1_273' title='bbox 389 3489 496 3538; x_wconf 81' lang='lat' dir='ltr'>fluctuum</span> <span class='ocrx_word' id='word_1_274' title='bbox 508 3487 620 3535; x_wconf 81' lang='lat' dir='ltr'>illisorum</span> <span class='ocrx_word' id='word_1_275' title='bbox 630 3501 684 3533; x_wconf 79' lang='lat' dir='ltr'>con·</span> <span class='ocrx_word' id='word_1_276' title='bbox 710 3493 752 3531; x_wconf 89' lang='lat' dir='ltr'>est.</span> <span class='ocrx_word' id='word_1_277' title='bbox 771 3485 854 3531; x_wconf 81' lang='lat' dir='ltr'>Omnia</span> <span class='ocrx_word' id='word_1_278' title='bbox 861 3493 942 3551; x_wconf 78' lang='lat' dir='ltr'>pontus</span> <span class='ocrx_word' id='word_1_279' title='bbox 950 3491 1023 3534; x_wconf 77' lang='lat' dir='ltr'>erant,</span> 
     </span>
     <span class='ocr_line' id='line_1_34' title="bbox 148 3548 1244 3612; baseline -0.004 -12"><span class='ocrx_word' id='word_1_280' title='bbox 148 3561 211 3600; x_wconf 72' lang='lat' dir='ltr'>tecta</span> <span class='ocrx_word' id='word_1_281' title='bbox 222 3552 259 3597; x_wconf 84' lang='lat' dir='ltr'>rel</span> <span class='ocrx_word' id='word_1_282' title='bbox 267 3554 389 3612; x_wconf 72' lang='lat' dir='ltr'>jemcriut,</span> <span class='ocrx_word' id='word_1_283' title='bbox 405 3554 442 3598; x_wconf 87' lang='lat' dir='ltr'>vel</span> <span class='ocrx_word' id='word_1_284' title='bbox 461 3558 575 3611; x_wconf 76' lang='lat' dir='ltr'>prostrata</span> <span class='ocrx_word' id='word_1_285' title='bbox 589 3551 682 3597; x_wconf 84' lang='lat' dir='ltr'>fuerint.</span> <span class='ocrx_word' id='word_1_286' title='bbox 742 3551 797 3598; x_wconf 62' lang='lat'>623.</span> <span class='ocrx_word' id='word_1_287' title='bbox 816 3549 928 3601; x_wconf 79' lang='lat' dir='ltr'>Consuluit</span> <span class='ocrx_word' id='word_1_288' title='bbox 937 3548 1032 3612; x_wconf 72' lang='lat' dir='ltr'>gentes]</span> <span class='ocrx_word' id='word_1_289' title='bbox 1046 3548 1142 3600; x_wconf 83' lang='lat' dir='ltr'>Diluvio</span> <span class='ocrx_word' id='word_1_290' title='bbox 1155 3551 1244 3596; x_wconf 82' lang='lat' dir='ltr'>mersit.</span> 
     </span>
     <span class='ocr_line' id='line_1_35' title="bbox 151 3611 1241 3677; baseline -0.004 -14"><span class='ocrx_word' id='word_1_291' title='bbox 151 3617 255 3664; x_wconf 78' lang='lat' dir='ltr'>Hortens.</span> <span class='ocrx_word' id='word_1_292' title='bbox 711 3613 768 3665; x_wconf 79' lang='lat' dir='ltr'>Gtun</span> <span class='ocrx_word' id='word_1_293' title='bbox 778 3615 844 3665; x_wconf 82' lang='lat' dir='ltr'>litora</span> <span class='ocrx_word' id='word_1_294' title='bbox 859 3612 958 3677; x_wconf 68' lang='lat' dir='ltr'>Tethye]</span> <span class='ocrx_word' id='word_1_295' title='bbox 976 3611 1076 3663; x_wconf 67' lang='lat' dir='ltr'>Duram</span> <span class='ocrx_word' id='word_1_296' title='bbox 1086 3614 1241 3677; x_wconf 70' lang='lat' dir='ltr'>quoquotum</span> 
     </span>
    </p>

    <p class='ocr_par' dir='ltr' id='par_1_17' title="bbox 149 3678 1243 3935">
     <span class='ocr_line' id='line_1_36' title="bbox 183 3678 780 3741; baseline -0.012 -11"><span class='ocrx_word' id='word_1_297' title='bbox 183 3687 238 3730; x_wconf 86' lang='lat'>618.</span> <span class='ocrx_word' id='word_1_298' title='bbox 255 3681 347 3741; x_wconf 75' lang='lat' dir='ltr'>Altaque</span> <span class='ocrx_word' id='word_1_299' title='bbox 358 3695 383 3726; x_wconf 81' lang='lat' dir='ltr'>er</span> <span class='ocrx_word' id='word_1_300' title='bbox 392 3681 451 3734; x_wconf 84' lang='lat' dir='ltr'>orbe,</span> <span class='ocrx_word' id='word_1_301' title='bbox 462 3679 518 3740; x_wconf 87' lang='lat' dir='ltr'>&amp;c.]</span> <span class='ocrx_word' id='word_1_302' title='bbox 536 3679 574 3724; x_wconf 79' lang='lat' dir='ltr'>Ab</span> <span class='ocrx_word' id='word_1_303' title='bbox 586 3678 632 3725; x_wconf 75' lang='lat' dir='ltr'>ulis</span> <span class='ocrx_word' id='word_1_304' title='bbox 646 3693 684 3724; x_wconf 87' lang='lat' dir='ltr'>or·</span> <span class='ocrx_word' id='word_1_305' title='bbox 707 3686 780 3737; x_wconf 81' lang='lat' dir='ltr'>ponto.</span> 
     </span>
     <span class='ocr_line' id='line_1_37' title="bbox 149 3740 1240 3805; baseline -0.003 -14"><span class='ocrx_word' id='word_1_306' title='bbox 149 3745 187 3791; x_wconf 83' lang='lat' dir='ltr'>bis</span> <span class='ocrx_word' id='word_1_307' title='bbox 197 3753 270 3805; x_wconf 80' lang='lat' dir='ltr'>parte,</span> <span class='ocrx_word' id='word_1_308' title='bbox 288 3753 311 3790; x_wconf 86' lang='lat' dir='ltr'>et</span> <span class='ocrx_word' id='word_1_309' title='bbox 322 3747 414 3791; x_wconf 85' lang='lat' dir='ltr'>Oceano</span> <span class='ocrx_word' id='word_1_310' title='bbox 430 3744 469 3804; x_wconf 90' lang='lat' dir='ltr'>qui</span> <span class='ocrx_word' id='word_1_311' title='bbox 485 3753 566 3790; x_wconf 86' lang='lat' dir='ltr'>terrum</span> <span class='ocrx_word' id='word_1_312' title='bbox 582 3743 684 3790; x_wconf 81' lang='lat' dir='ltr'>ambiens</span> <span class='ocrx_word' id='word_1_313' title='bbox 741 3746 796 3794; x_wconf 61' lang='lat'>624.</span> <span class='ocrx_word' id='word_1_314' title='bbox 816 3741 987 3792; x_wconf 78' lang='lat' dir='ltr'>Celoccntenta</span> <span class='ocrx_word' id='word_1_315' title='bbox 998 3740 1089 3804; x_wconf 70' lang='lat' dir='ltr'>terreri]</span> <span class='ocrx_word' id='word_1_316' title='bbox 1107 3740 1186 3789; x_wconf 78' lang='lat' dir='ltr'>Murio</span> <span class='ocrx_word' id='word_1_317' title='bbox 1196 3757 1240 3788; x_wconf 81' lang='lat' dir='ltr'>un·</span> 
     </span>
     <span class='ocr_line' id='line_1_38' title="bbox 150 3805 1017 3868; baseline -0.005 -12"><span class='ocrx_word' id='word_1_318' title='bbox 150 3810 247 3856; x_wconf 85' lang='lat' dir='ltr'>immisit</span> <span class='ocrx_word' id='word_1_319' title='bbox 256 3817 334 3859; x_wconf 82' lang='lat' dir='ltr'>vestus</span> <span class='ocrx_word' id='word_1_320' title='bbox 354 3810 452 3866; x_wconf 81' lang='lat' dir='ltr'>fluctus3</span> <span class='ocrx_word' id='word_1_321' title='bbox 469 3807 501 3855; x_wconf 88' lang='lat' dir='ltr'>H.</span> <span class='ocrx_word' id='word_1_322' title='bbox 517 3805 618 3862; x_wconf 77' lang='lat' dir='ltr'>Grotius,</span> <span class='ocrx_word' id='word_1_323' title='bbox 635 3807 684 3866; x_wconf 89' lang='lat' dir='ltr'>ple·</span> <span class='ocrx_word' id='word_1_324' title='bbox 708 3807 775 3867; x_wconf 79' lang='lat' dir='ltr'>dique</span> <span class='ocrx_word' id='word_1_325' title='bbox 789 3814 811 3853; x_wconf 84' lang='lat' dir='ltr'>et</span> <span class='ocrx_word' id='word_1_326' title='bbox 821 3807 919 3868; x_wconf 80' lang='lat' dir='ltr'>undique</span> <span class='ocrx_word' id='word_1_327' title='bbox 932 3805 1017 3852; x_wconf 85' lang='lat' dir='ltr'>coelum.</span> 
     </span>
     <span class='ocr_line' id='line_1_39' title="bbox 151 3869 1243 3935; baseline -0.003 -16"><span class='ocrx_word' id='word_1_328' title='bbox 151 3889 193 3927; x_wconf 80' lang='lat' dir='ltr'>nos</span> <span class='ocrx_word' id='word_1_329' title='bbox 207 3872 296 3920; x_wconf 88' lang='lat' dir='ltr'>belluis.</span> <span class='ocrx_word' id='word_1_330' title='bbox 741 3874 797 3922; x_wconf 75' lang='lat' dir='ltr'>ost.</span> <span class='ocrx_word' id='word_1_331' title='bbox 816 3869 867 3923; x_wconf 82' lang='lat' dir='ltr'>Non</span> <span class='ocrx_word' id='word_1_332' title='bbox 874 3871 971 3922; x_wconf 77' lang='lat' dir='ltr'>ecelinus</span> <span class='ocrx_word' id='word_1_333' title='bbox 979 3870 1020 3921; x_wconf 81' lang='lat' dir='ltr'>illu</span> <span class='ocrx_word' id='word_1_334' title='bbox 1027 3869 1100 3935; x_wconf 73' lang='lat' dir='ltr'>ficit]</span> <span class='ocrx_word' id='word_1_335' title='bbox 1116 3871 1168 3916; x_wconf 87' lang='lat' dir='ltr'>Nou</span> <span class='ocrx_word' id='word_1_336' title='bbox 1178 3878 1243 3917; x_wconf 84' lang='lat' dir='ltr'>eruut</span> 
     </span>
    </p>

    <p class='ocr_par' dir='ltr' id='par_1_18' title="bbox 149 3933 1244 4462">
     <span class='ocr_line' id='line_1_40' title="bbox 183 3933 1242 3999; baseline -0.003 -16"><span class='ocrx_word' id='word_1_337' title='bbox 183 3942 237 3987; x_wconf 70' lang='lat'>620.</span> <span class='ocrx_word' id='word_1_338' title='bbox 256 3937 294 3983; x_wconf 82' lang='lat' dir='ltr'>Sic</span> <span class='ocrx_word' id='word_1_339' title='bbox 309 3947 379 3982; x_wconf 78' lang='lat' dir='ltr'>rector</span> <span class='ocrx_word' id='word_1_340' title='bbox 399 3936 487 3997; x_wconf 74' lang='lat' dir='ltr'>Olympi</span> <span class='ocrx_word' id='word_1_341' title='bbox 505 3935 608 3994; x_wconf 71' lang='lat' dir='ltr'>Crispide,</span> <span class='ocrx_word' id='word_1_342' title='bbox 627 3933 683 3998; x_wconf 63' lang='grc' dir='ltr'>δια]</span> <span class='ocrx_word' id='word_1_343' title='bbox 708 3934 754 3980; x_wconf 75' lang='lat' dir='ltr'>illie</span> <span class='ocrx_word' id='word_1_344' title='bbox 766 3935 882 3994; x_wconf 83' lang='lat' dir='ltr'>simplices</span> <span class='ocrx_word' id='word_1_345' title='bbox 893 3934 1158 3999; x_wconf 85' lang='lat' dir='ltr'>noctisobinterpositae</span> <span class='ocrx_word' id='word_1_346' title='bbox 1173 3942 1242 3986; x_wconf 72' lang='lat' dir='ltr'>terrm</span> 
     </span>
     <span class='ocr_line' id='line_1_41' title="bbox 151 3997 1244 4061; baseline -0.003 -13"><span class='ocrx_word' id='word_1_347' title='bbox 151 4003 233 4061; x_wconf 88' lang='lat' dir='ltr'>Neque</span> <span class='ocrx_word' id='word_1_348' title='bbox 252 4002 326 4046; x_wconf 86' lang='lat' dir='ltr'>miuus</span> <span class='ocrx_word' id='word_1_349' title='bbox 346 4001 456 4047; x_wconf 87' lang='lat' dir='ltr'>intumuit</span> <span class='ocrx_word' id='word_1_350' title='bbox 474 4015 544 4056; x_wconf 78' lang='lat' dir='ltr'>mure,</span> <span class='ocrx_word' id='word_1_351' title='bbox 559 4015 625 4060; x_wconf 83' lang='lat' dir='ltr'>quum</span> <span class='ocrx_word' id='word_1_352' title='bbox 644 4000 684 4044; x_wconf 91' lang='lat' dir='ltr'>ubi</span> <span class='ocrx_word' id='word_1_353' title='bbox 709 4000 936 4052; x_wconf 72' lang='lat' dir='ltr'>umbramtenebrre.</span> <span class='ocrx_word' id='word_1_354' title='bbox 950 3997 1054 4045; x_wconf 82' lang='lat' dir='ltr'>Necunu</span> <span class='ocrx_word' id='word_1_355' title='bbox 1063 4007 1158 4047; x_wconf 66' lang='lat' dir='ltr'>meent:</span> <span class='ocrx_word' id='word_1_356' title='bbox 1174 4000 1244 4050; x_wconf 66' lang='lat' dir='ltr'>msc</span> 
     </span>
     <span class='ocr_line' id='line_1_42' title="bbox 149 4063 1241 4127; baseline -0.003 -15"><span class='ocrx_word' id='word_1_357' title='bbox 149 4069 264 4127; x_wconf 80' lang='lat' dir='ltr'>quondam</span> <span class='ocrx_word' id='word_1_358' title='bbox 275 4066 366 4124; x_wconf 85' lang='lat' dir='ltr'>Jupiter</span> <span class='ocrx_word' id='word_1_359' title='bbox 385 4064 491 4125; x_wconf 77' lang='lat' dir='ltr'>fatigatus</span> <span class='ocrx_word' id='word_1_360' title='bbox 507 4064 622 4114; x_wconf 86' lang='lat' dir='ltr'>hominum</span> <span class='ocrx_word' id='word_1_361' title='bbox 635 4079 684 4111; x_wconf 87' lang='lat' dir='ltr'>sce·</span> <span class='ocrx_word' id='word_1_362' title='bbox 709 4064 807 4116; x_wconf 77' lang='lat' dir='ltr'>tenebras</span> <span class='ocrx_word' id='word_1_363' title='bbox 817 4064 890 4113; x_wconf 72' lang='lat' dir='ltr'>obruit</span> <span class='ocrx_word' id='word_1_364' title='bbox 901 4063 985 4124; x_wconf 69' lang='lat' dir='ltr'>tuttgo.</span> <span class='ocrx_word' id='word_1_365' title='bbox 998 4064 1078 4109; x_wconf 83' lang='lat' dir='ltr'>Seuec.</span> <span class='ocrx_word' id='word_1_366' title='bbox 1092 4064 1174 4124; x_wconf 71' lang='lat' dir='ltr'>rigam.</span> <span class='ocrx_word' id='word_1_367' title='bbox 1185 4066 1241 4112; x_wconf 80' lang='lat'>466.</span> 
     </span>
     <span class='ocr_line' id='line_1_43' title="bbox 150 4126 1242 4192; baseline -0.002 -16"><span class='ocrx_word' id='word_1_368' title='bbox 150 4131 239 4180; x_wconf 79' lang='lat' dir='ltr'>letibus</span> <span class='ocrx_word' id='word_1_369' title='bbox 266 4129 410 4176; x_wconf 76' lang='lat' dir='ltr'>vindicandis</span> <span class='ocrx_word' id='word_1_370' title='bbox 432 4130 532 4181; x_wconf 80' lang='lat' dir='ltr'>fulmine,</span> <span class='ocrx_word' id='word_1_371' title='bbox 552 4129 685 4176; x_wconf 83' lang='lat' dir='ltr'>decreverat</span> <span class='ocrx_word' id='word_1_372' title='bbox 711 4126 816 4189; x_wconf 78' lang='lat' dir='ltr'>Caecaque</span> <span class='ocrx_word' id='word_1_373' title='bbox 834 4144 877 4174; x_wconf 81' lang='lat' dir='ltr'>nos</span> <span class='ocrx_word' id='word_1_374' title='bbox 891 4128 1002 4186; x_wconf 70' lang='lat' dir='ltr'>premitur</span> <span class='ocrx_word' id='word_1_375' title='bbox 1022 4127 1117 4174; x_wconf 69' lang='lat' dir='ltr'>tenebris</span> <span class='ocrx_word' id='word_1_376' title='bbox 1130 4128 1242 4192; x_wconf 61' lang='lat' dir='ltr'>noctuque</span> 
     </span>
     <span class='ocr_line' id='line_1_44' title="bbox 151 4191 1242 4255; baseline -0.003 -14"><span class='ocrx_word' id='word_1_377' title='bbox 151 4195 283 4242; x_wconf 85' lang='lat' dir='ltr'>universum</span> <span class='ocrx_word' id='word_1_378' title='bbox 301 4201 410 4240; x_wconf 79' lang='lat' dir='ltr'>terrerum</span> <span class='ocrx_word' id='word_1_379' title='bbox 427 4197 506 4240; x_wconf 87' lang='lat' dir='ltr'>orbern</span> <span class='ocrx_word' id='word_1_380' title='bbox 526 4193 615 4239; x_wconf 80' lang='lat' dir='ltr'>diluvio</span> <span class='ocrx_word' id='word_1_381' title='bbox 635 4209 685 4255; x_wconf 93' lang='lat' dir='ltr'>per·</span> <span class='ocrx_word' id='word_1_382' title='bbox 709 4193 802 4253; x_wconf 60' lang='lat' dir='ltr'>meopte,</span> <span class='ocrx_word' id='word_1_383' title='bbox 819 4191 889 4239; x_wconf 79' lang='lat' dir='ltr'>ovid.</span> <span class='ocrx_word' id='word_1_384' title='bbox 901 4194 924 4239; x_wconf 82' lang='lat'>9.</span> <span class='ocrx_word' id='word_1_385' title='bbox 937 4193 994 4241; x_wconf 89' lang='lat' dir='ltr'>Met.</span> <span class='ocrx_word' id='word_1_386' title='bbox 1003 4192 1044 4237; x_wconf 88' lang='lat' dir='ltr'>sed</span> <span class='ocrx_word' id='word_1_387' title='bbox 1052 4192 1167 4238; x_wconf 79' lang='lat' dir='ltr'>Turturere</span> <span class='ocrx_word' id='word_1_388' title='bbox 1177 4193 1242 4245; x_wconf 73' lang='lat' dir='ltr'>etiu-</span> 
     </span>
     <span class='ocr_line' id='line_1_45' title="bbox 152 4255 1241 4320; baseline -0.003 -16"><span class='ocrx_word' id='word_1_389' title='bbox 152 4259 206 4307; x_wconf 87' lang='lat' dir='ltr'>dere</span> <span class='ocrx_word' id='word_1_390' title='bbox 216 4275 222 4316; x_wconf 93' lang='lat'>;</span> <span class='ocrx_word' id='word_1_391' title='bbox 238 4260 355 4305; x_wconf 77' lang='lat' dir='ltr'>advocetis</span> <span class='ocrx_word' id='word_1_392' title='bbox 367 4259 462 4305; x_wconf 78' lang='lat' dir='ltr'>Crerulei</span> <span class='ocrx_word' id='word_1_393' title='bbox 471 4258 557 4320; x_wconf 71' lang='lat' dir='ltr'>fratris</span> <span class='ocrx_word' id='word_1_394' title='bbox 567 4258 685 4304; x_wconf 66' lang='lat' dir='ltr'>nuntiari·</span> <span class='ocrx_word' id='word_1_395' title='bbox 709 4257 788 4303; x_wconf 74' lang='lat' dir='ltr'>lerntc.</span> <span class='ocrx_word' id='word_1_396' title='bbox 805 4255 884 4318; x_wconf 77' lang='lat' dir='ltr'>stygia</span> <span class='ocrx_word' id='word_1_397' title='bbox 892 4255 953 4302; x_wconf 80' lang='lat' dir='ltr'>modo</span> <span class='ocrx_word' id='word_1_398' title='bbox 963 4255 1050 4319; x_wconf 74' lang='lat' dir='ltr'>nigrior</span> <span class='ocrx_word' id='word_1_399' title='bbox 1059 4256 1130 4302; x_wconf 78' lang='lat' dir='ltr'>undu.</span> <span class='ocrx_word' id='word_1_400' title='bbox 1237 4256 1241 4315; x_wconf 73' lang='lat' dir='ltr'><strong>j</strong></span> 
     </span>
     <span class='ocr_line' id='line_1_46' title="bbox 151 4317 1243 4385; baseline 0.002 -17"><span class='ocrx_word' id='word_1_401' title='bbox 151 4323 190 4369; x_wconf 77' lang='lat' dir='ltr'>tur</span> <span class='ocrx_word' id='word_1_402' title='bbox 201 4324 276 4380; x_wconf 71' lang='lat' dir='ltr'>trude,</span> <span class='ocrx_word' id='word_1_403' title='bbox 288 4323 336 4385; x_wconf 75' lang='lat' dir='ltr'>lpse</span> <span class='ocrx_word' id='word_1_404' title='bbox 347 4325 442 4374; x_wconf 73' lang='lat' dir='ltr'>tridente</span> <span class='ocrx_word' id='word_1_405' title='bbox 452 4337 490 4370; x_wconf 80' lang='lat' dir='ltr'>suc</span> <span class='ocrx_word' id='word_1_406' title='bbox 502 4330 584 4370; x_wconf 76' lang='lat' dir='ltr'>terram</span> <span class='ocrx_word' id='word_1_407' title='bbox 593 4336 703 4383; x_wconf 79' lang='lat' dir='ltr'>percus-‘</span> <span class='ocrx_word' id='word_1_408' title='bbox 743 4323 799 4369; x_wconf 68' lang='lat'><strong>698.</strong></span> <span class='ocrx_word' id='word_1_409' title='bbox 817 4318 916 4384; x_wconf 71' lang='lat' dir='ltr'>lry&#39;eruoe</span> <span class='ocrx_word' id='word_1_410' title='bbox 930 4319 1014 4381; x_wconf 78' lang='lat' dir='ltr'>pallore</span> <span class='ocrx_word' id='word_1_411' title='bbox 1030 4317 1127 4382; x_wconf 74' lang='lat' dir='ltr'>domus]</span> <span class='ocrx_word' id='word_1_412' title='bbox 1144 4320 1201 4370; x_wconf 80' lang='lat' dir='ltr'>Nox</span> <span class='ocrx_word' id='word_1_413' title='bbox 1217 4336 1243 4374; x_wconf 66' lang='lat' dir='ltr'>e,-</span> 
     </span>
     <span class='ocr_line' id='line_1_47' title="bbox 150 4373 1243 4462; baseline -0.003 -28"><span class='ocrx_word' id='word_1_414' title='bbox 150 4388 187 4446; x_wconf 67' lang='lat' dir='ltr'>sit.</span> <span class='ocrx_word' id='word_1_415' title='bbox 491 4373 503 4400; x_wconf 74' lang='lat'>⁸</span> <span class='ocrx_word' id='word_1_416' title='bbox 611 4449 614 4452; x_wconf 11' lang='grc' dir='ltr'><strong><em>Δ</em></strong></span> <span class='ocrx_word' id='word_1_417' title='bbox 710 4374 1243 4462; x_wconf 54' lang='lat' dir='ltr'>simillsubiulerlsprotecturidebaturpoi</span> 
     </span>
    </p>
   </div>
   <div class='ocr_carea' id='block_1_7' title="bbox 0 0 1406 4860">
    <p class='ocr_par' dir='ltr' id='par_1_19' title="bbox 0 0 1406 4860">
     <span class='ocr_line' id='line_1_48' title="bbox 0 0 1406 4860; baseline 0 0"><span class='ocrx_word' id='word_1_418' title='bbox 0 0 1406 4860; x_wconf 95' lang='lat' dir='ltr'> </span> 
     </span>
    </p>
   </div>
  </div>
 </body>
</html>
