2784 4860
194 388 200 395 -
336 351 559 428 crvrms
602 297 1029 425 nunnun1asrr.
1088 409 1090 415 ,

138 534 277 600 Caetera
292 528 415 596 classis
431 528 504 593 abit
519 526 661 599 summis
677 524 827 609 spoliata
843 525 987 598 carinis:
1057 571 1060 574 -

139 645 191 710 Ut
205 639 719 728 Pagasaea.rstis.,.petereteum
733 635 905 730 Phasidos
920 637 1051 717 unda&

145 756 307 840 Cyaneas
321 754 422 819 tellus
437 752 602 824 emisit-in
614 753 901 834 aequoraucautes,

87 924 90 931 ,
140 865 261 949 Rapta
275 884 392 950 puppe
407 862 773 934 minuusubductaest
783 859 955 931 montibus
970 855 1076 943 Argo,
1100 924 1101 927 ,

139 975 310 1060 Vanaque
325 975 654 1059 percussit-ponium
667 971 870 1055 Symplegas
884 971 1032 1048 inanem,

143 1086 189 1151 Et
205 1092 335 1153 statura
348 1086 446 1157 redit.
456 1085 539 1171 jum
553 1083 724 1156 Phoebum
738 1100 856 1172 urgere
872 1082 1034 1162 monebat

141 1195 176 1262 N
180 1209 226 1270 un
240 1197 331 1261 idem
346 1195 415 1267 Eoi,
428 1196 699 1290 colosplhsriss
706 1195 857 1278 mboque
874 1193 1024 1263 nondum
1040 1212 1058 1261 f.
1127 1246 1129 1251 ·

142 1307 222 1372 Lux
236 1308 345 1385 rubet,
362 1313 396 1372 et
410 1305 918 1396 flammaspropioribuseripit
929 1305 1044 1381 astris,

141 1417 188 1484 Et
196 1418 273 1505 jam
294 1417 412 1505 Pleias
427 1419 540 1496 hebet,
556 1420 641 1508 fessi
651 1419 725 1502 jam
741 1417 896 1503 plaustra
909 1416 1031 1482 Bootae

142 1529 186 1594 Iu
201 1515 326 1596 faciem
341 1518 418 1614 puri
432 1515 575 1593 redeunt
588 1513 785 1611 languentia
800 1526 893 1605 coeli,

142 1637 365 1725 Majoresquc
381 1639 487 1704 latent
503 1639 623 1716 stellae,
640 1636 856 1721 calidumque
871 1636 995 1720 refugit

142 1748 282 1824 Lucifer
296 1749 372 1833 ipse
393 1749 493 1812 diem.
509 1747 652 1832 pelagus
662 1747 737 1835 jam
754 1747 880 1833 Magne
895 1748 1050 1825 tenebas,
1067 1779 1069 1781 ·
1173 1834 1175 1838 μ

142 1853 228 1927 Non
242 1845 285 1924 ea
298 1859 372 1924 fata
383 1859 508 1936 >serens
526 1879 617 1941 quae,
632 1839 712 1922 cum
726 1879 829 1944 super
844 1879 985 1942 aequora
1002 1864 1075 1923 toto
1154 1844 1173 1849 '⁴

141 1960 539 2065 Praedonemsequerere
554 1969 650 2045 mari,
665 1968 990 2052 lassata'triumphis

142 2073 303 2165 Desciv'it
316 2061 452 2148 fortuna
466 2082 545 2147 uris.
563 2101 640 2146 cum
654 2069 800 2174 ,conjuge
812 2079 945 2165 pulsus,
999 2137 1001 2140 .

241 2203 292 2274 717
302 2202 388 2288 Βαρῖα.
415 2253 417 2256 >
526 2228 576 2275 717
586 2222 736 2290 mlductopue
745 2243 774 2273 m.
792 2227 854 2292 Argo
864 2235 903 2275 est.
1035 2227 1153 2294 iiifleii.

350 2294 399 2338 776
410 2293 487 2338 uictor.
710 2294 765 2341 778
778 2291 881 2350 Cessuoit,
900 2291 1014 2342 Deseruit.
1236 2292 1240 2301 '

177 2409 234 2454 714.
252 2406 348 2453 Summis
357 2407 450 2466 spoliata
467 2403 572 2466 carinis]
590 2403 686 2452 Aliisio
708 2405 813 2464 jamjam
831 2419 972 2452 emersurum
987 2407 1113 2465 antecedit,
1130 2410 1195 2469 cujus
1209 2423 1250 2454 ac-
1319 2429 1326 2435 ·

144 2471 276 2531 accipiunt3
292 2471 358 2531 quasi
365 2471 420 2527 illse,
432 2470 510 2517 studio
516 2469 644 2530 praecipitis
650 2469 686 2514 iu·
711 2483 779 2514 cessu
794 2465 912 2530 propiore,
929 2471 1003 2516 stellae
1018 2473 1176 2529 obscurantur,
1193 2488 1249 2533 qua-

145 2552 182 2597 gae
193 2536 306 2583 mutilato
316 2536 422 2591 fuissent,
433 2536 457 2582 id
468 2534 530 2595 quod
541 2535 617 2594 arguit
624 2549 686 2580 com·
710 2548 763 2578 rum
773 2533 849 2580 lucem
850 2533 956 2596 floremus
964 2537 1007 2581 hoc
1014 2537 1065 2582 loco
1072 2538 1173 2584 nominat
1179 2544 1249 2599 poete

145 2600 235 2662 paratio
244 2601 310 2648 navis
319 2601 403 2662 Argus.
419 2599 488 2646 Hort.
499 2599 592 2646 Summis
607 2599 686 2659 spolio·
711 2613 753 2659 per
765 2597 946 2646 similitudinem.
965 2600 1070 2647 Homeris.

145 2665 282 2726 ipocrisis]
298 2667 345 2712 His
357 2666 447 2711 duabus
459 2665 556 2711 naribus
568 2663 686 2712 extremis.
744 2664 800 2709 771.
819 2661 930 2710 Flammas
939 2666 1086 2725 propioribus,
1098 2664 1155 2727 &c.]
1173 2666 1249 2726 Maj0r

179 2733 235 2780 715.
256 2730 287 2778 Ut
298 2730 416 2792 Pagasaea,
433 2727 490 2790 &c.]
508 2730 613 2790 UtArgo
622 2730 686 2786 olim,
710 2728 752 2774 lux
760 2727 857 2773 offuscat
865 2729 983 2785 minorem,
992 2736 1017 2775 et
1023 2745 1051 2776 co
1060 2731 1128 2777 citius
1135 2745 1180 2791 quo
1187 2746 1250 2791 quae·

146 2810 193 2856 qua
203 2795 273 2842 lason
291 2811 344 2841 cum
355 2793 443 2854 Minyis
462 2808 474 2839 e
489 2794 578 2853 Pegaso
589 2795 686 2840 Thessa·
712 2808 756 2854 que
768 2791 865 2838 vicinior
874 2800 910 2838 est
921 2800 945 2839 et
955 2793 1037 2840 minor.

146 2860 185 2906 liae
207 2860 293 2922 oppido
319 2859 434 2906 solventes
458 2860 567 2918 petebant
587 2858 687 2905 Colchos
744 2859 800 2905 777.
819 2855 894 2903 Pleias
905 2857 985 2919 lubet]
1002 2858 1121 2919 Vergiliae,
1140 2858 1212 2906 stellae
1224 2861 1247 2906 7.
1287 2900 1290 2907 .

147 2925 249 2972 Phaside
261 2925 317 2970 tlur.
325 2924 438 2978 celebres,
447 2922 582 2969 transmissa
589 2938 631 2982 per
640 2922 686 2985 cy·
711 2922 840 2968 inhumare
855 2938 899 2968 ceu
909 2922 985 2982 capite
1001 2923 1071 2969 Tauri
1090 2925 1248 2974 obscurantur.

147 3004 216 3038 areas
225 3004 269 3037 ceu
280 2989 447 3050 Symplegadas
463 2987 558 3042 insudas,
569 3003 620 3047 quae
633 3003 686 3034 con·
712 2987 821 3032 Plaustra
829 2984 923 3049 Bootae]
936 2990 1083 3049 Ursomajor,
1090 2991 1156 3050 cujus
1163 2993 1187 3037 7.
1194 2990 1250 3039 stel-

147 3068 241 3104 emere
252 3054 314 3100 inter
325 3069 349 3100 se
360 3054 484 3114 finguntur,
496 3069 509 3100 e
521 3051 640 3098 collisione
652 3053 687 3098 iu·
710 3051 745 3097 las
756 3050 881 3098 lucidiores
895 3053 1001 3099 secundae
1012 3054 1185 3116 magnitudinis,
1200 3054 1250 3114 pla·

147 3117 250 3167 ”hrum
261 3118 380 3165 deminuta
385 3125 426 3163 est
436 3125 505 3178 parte
513 3118 599 3176 puppis
610 3125 687 3164 extre-
711 3122 800 3162 nstrum
807 3116 879 3177 vulgo
886 3116 974 3163 dictum
981 3118 1068 3164 Bootes
1077 3119 1142 3178 sequi
1151 3119 1251 3175 videtur,

147 3199 192 3232 ma.
206 3183 260 3230 vide
271 3199 322 3244 quae
330 3184 359 3230 ad
366 3183 461 3229 Seuecae
468 3183 576 3228 Medeam
586 3198 619 3229 vs.
629 3183 686 3229 341.
711 3188 783 3228 mestos
796 3178 969 3243 Eipumutlridos
979 3198 1034 3230 urso
1044 3183 1193 3245 Arctophylax
1195 3182 1250 3246 for-

148 3247 255 3295 etHcrc.
276 3250 317 3294 Fu.
329 3263 364 3294 vs.
381 3249 453 3296 1210.
474 3246 579 3295 Phasidis
592 3246 687 3308 curlus]
711 3261 770 3291 mam
781 3253 845 3308 terga
856 3249 965 3310 sequentis
983 3248 1056 3296 habet.
1071 3247 1152 3312 Fessi]
1169 3251 1248 3309 steph.

149 3313 257 3370 Colchos,
268 3313 297 3358 ad
309 3312 434 3359 Phasidem
444 3312 548 3358 fluvium.
711 3309 757 3371 leg.
767 3309 834 3374 flexi.
1229 3315 1231 3320 ’

181 3379 239 3425 716.
257 3376 332 3424 Tellus
341 3376 432 3439 emisit]
449 3377 529 3424 Tellus
547 3375 611 3436 quusi
630 3375 687 3424 iruta
744 3377 801 3422 723.
819 3373 949 3439 Infamem,
961 3374 1019 3438 dre]
1036 3377 1083 3422 Sua
1101 3376 1153 3423 luce
1165 3378 1249 3425 obscu-

148 3442 217 3490 novis
233 3442 318 3499 nautis,
337 3448 416 3490 cautes
440 3442 525 3495 emisit,
547 3447 574 3486 ut
593 3441 687 3488 navium
711 3445 760 3486 rata
771 3440 871 3486 colorem
881 3441 974 3487 retheris
983 3441 1087 3488 induunt.

147 3507 296 3554 transituram
312 3506 455 3554 colliderent.
482 3505 575 3568 Cpuueae
591 3505 686 3568 cautes]
743 3507 802 3553 774.
814 3503 1184 3568 Mrp'or·espuelctemstella,&o.]
1195 3503 1251 3570 Dif-

149 3573 210 3620 Dure
226 3572 307 3619 insulse
324 3570 408 3619 ricinre
426 3577 450 3617 et
468 3586 547 3632 parvae
561 3570 585 3616 in
601 3571 687 3626 Ponto,
704 3568 895 3632 fugiuutstellre,
905 3572 1100 3632 quorumogmiuu
1110 3570 1250 3635 cogitLuei·

150 3645 230 3684 contra
249 3636 371 3684 Thracium
388 3637 543 3695 Bosphorum,
565 3650 616 3695 quae
634 3636 688 3696 quia
704 3634 849 3698 fer,etcoeli
858 3637 951 3681 statione
961 3637 1090 3683 nouissimus
1100 3637 1152 3682 erit.

150 3702 208 3749 olim
220 3716 357 3750 concurrere
369 3701 473 3758 creditae,
483 3701 552 3746 dictae
563 3705 616 3745 suut
625 3699 688 3762 Sym·
745 3701 802 3749 776.
819 3698 871 3746 Non
881 3699 976 3764 sofista,
992 3698 1049 3761 δια]
1067 3703 1123 3748 Νοη
1139 3699 1198 3749 alios
1214 3700 1249 3748 in·

145 3767 259 3830 plegades,
270 3767 294 3813 id
307 3774 350 3822 est,
366 3772 536 3812 concurrentes.
553 3762 670 3824 sulpitius.
712 3771 831 3823 sequutus,
840 3771 867 3810 ut
873 3765 927 3810 olim
935 3765 1022 3827 piratas
1031 3765 1126 3823 (lilicas,
1135 3781 1205 3826 supra
1212 3782 1249 3814 vs.

182 3836 240 3880 717.
258 3831 335 3892 Rapta
349 3829 445 3893 puppe]
462 3830 512 3877 Alii
530 3827 615 3889 Rupta.
631 3828 688 3875 Sul·
712 3830 768 3878 576.
782 3830 824 3877 sed
835 3829 934 3890 fugiens.
950 3830 1013 3876 Audi
1026 3829 1137 3877 Florum:
1157 3833 1187 3878 lit
1197 3847 1252 3892 per·

149 3895 282 4006 Maesti]
298 3895 555 3948 Liberataaconcussu
568 3893 687 3940 montium.
713 3902 788 3940 actum
809 3895 885 3941 fuerat
904 3895 992 3941 bellum
1018 3894 1069 3941 siue
1092 3895 1210 3956 sanguiue,
1230 3896 1251 3944 si

129 4004 132 4008 .
182 3965 240 4011 718.
280 3959 386 4023 auoque]
419 3960 544 4008 instabilis.
567 3959 611 4004 Vel
630 3958 687 4004 nihil
713 3957 850 4018 Pompeium
862 3959 987 4006 Brundusii
1004 3959 1142 4021 opprimere,
1159 3968 1185 4007 ut
1203 3977 1250 4010 oo»

147 4041 237 4074 nocens
255 4025 421 4073 concurrendo.
447 4025 559 4072 Percussit
573 4022 687 4087 pontum]
712 4029 785 4082 perat,
812 4023 934 4084 potuisset.
969 4025 1016 4072 Sed
1043 4025 1082 4072 ills
1100 4041 1142 4088 per
1159 4026 1252 4074 obsessi
1330 4034 1342 4059 ⁴

151 4094 206 4141 Non
221 4091 305 4138 navim.
326 4089 411 4151 Sulpit.
643 4145 645 4150 λ
712 4087 813 4134 claustra
838 4094 920 4148 portus
948 4095 1060 4136 nocturna
1083 4090 1139 4151 fuga
1168 4091 1251 4145 evasit,

185 4159 242 4205 719.
260 4155 356 4203 Statura
370 4151 450 4216 redit]
476 4156 626 4203 Permansura
645 4151 687 4199 im·
711 4154 790 4214 Turpe
799 4154 871 4200 dictu.
883 4154 951 4200 modo
960 4155 1067 4215 princeps
1078 4163 1178 4215 patrum,
1185 4156 1252 4217 pacis

148 4230 219 4270 motu
236 4220 289 4269 ,lom
302 4219 418 4277 Pholum,
437 4219 494 4282 δια]
511 4221 564 4268 lam
584 4217 687 4265 Orientis
712 4218 814 4278 bellique
824 4219 964 4276 moderator,
974 4235 1017 4281 per
1028 4219 1191 4282 triumphatum
1200 4225 1251 4280 asa

150 4287 235 4334 colore
246 4286 310 4348 pullo
320 4285 345 4332 iu
353 4300 467 4343 croceum,
476 4300 532 4332 mox
540 4298 632 4330 roseum
638 4298 688 4329 mu·
712 4298 774 4329 mare
782 4283 881 4330 lacerata
889 4290 913 4330 et
918 4299 978 4344 pene
986 4284 1068 4332 inermi
1074 4285 1249 4346 nareiugiebat.

151 4359 221 4407 tatur,
232 4350 402 4412 pronunciabat
409 4349 473 4397 Solis
482 4355 558 4396 ortum
570 4353 686 4409 appetere.
746 4349 801 4396 777.
820 4347 970 4411 Pradomm.]
986 4348 1080 4398 Cilicas.

183 4416 357 4479 invalideque
377 4412 496 4477 mondum]
523 4413 583 4472 Ques
609 4412 690 4458 Solem
745 4413 803 4463 i28.
821 4410 943 4475 seems]
960 4413 1071 4462 Deseruit
1080 4427 1142 4460 uuas
1154 4420 1186 4460 te.
1203 4411 1252 4460 stu
