2784 4860
139 345 205 410 140
356 343 408 410 Μ.
451 342 666 410 unnim
709 339 948 410 nucum
979 388 984 397 .
1018 322 1021 327 ’

145 514 306 578 Pervenit
320 515 364 578 ad
378 515 522 597 puppim
538 515 773 597 spirantesque
788 514 917 578 invenit
931 512 1041 579 artus.

147 622 228 687 Non
242 624 402 706 lacrymae
424 625 578 688 cecidere
594 625 701 706 genis,
717 643 786 687 non
800 629 942 705 pectora
955 624 1080 700 tundit,

149 732 317 796 Distentis
332 737 405 796 toto
420 733 521 814 riguit
540 733 600 796 sed
622 752 764 814 corpore
784 733 922 814 palmis.

149 841 234 904 Nox
248 843 350 918 subit,
367 848 468 925 atque
484 843 603 906 oculos
618 848 726 906 vastae
743 842 918 907 obduxere
933 842 1096 920 tenebrae,
1180 838 1257 915 7³5,

149 951 194 1015 Et
212 953 371 1016 miserum
386 973 526 1017 cernens
540 973 726 1035 agnoscere
742 953 867 1016 desinit
880 953 1020 1034 Argum.
1232 946 1236 957 '

149 1060 214 1125 Ille
230 1067 335 1144 caput
348 1063 479 1139 labenS,
502 1067 536 1126 et
553 1063 626 1146 jam
641 1063 837 1144 languentia
857 1063 949 1126 colla

149 1169 237 1235 Viso
253 1177 348 1255 patre
369 1173 480 1236 levat:
503 1193 574 1238 vox
588 1173 707 1236 fauces
728 1173 823 1237 nulla
838 1173 969 1236 solutas

151 1279 390 1366 Prosequitur:
413 1285 518 1347 tacito
530 1288 659 1346 tautum
674 1284 760 1366 petit
781 1281 902 1361 oscula
915 1282 1023 1346 vultu.
1092 1356 1095 1361 ,

151 1391 344 1475 Invitatque
365 1393 473 1474 patris
489 1393 679 1456 claudenda
693 1393 738 1455 ad
752 1392 881 1455 lumina
896 1391 1060 1455 dextram.
1180 1385 1252 1454 740

152 1500 201 1565 Ut
215 1508 350 1584 torpore
366 1521 472 1566 senex
488 1505 606 1580 caruit,
621 1505 778 1585 viresque
794 1505 953 1566 cruentus

153 1609 269 1694 Coepit
286 1612 410 1676 habere
427 1613 534 1688 dolor,
551 1611 633 1676 Non
654 1613 795 1696 perdam
809 1617 965 1694 tempora
979 1608 1078 1684 dixit,
1168 1610 1170 1616 '
1227 1606 1232 1615 '

152 1719 186 1782 A
201 1721 303 1784 saevis
318 1723 485 1804 pemrissa
500 1722 597 1799 Deis,
608 1723 832 1806 jugulumque
850 1720 992 1785 senilem

155 1828 371 1895 confodiam.
393 1834 528 1896 veniam
542 1833 667 1896 misero
684 1831 834 1895 concede
849 1829 993 1912 parenti,

152 1939 255 2021 Arge,
272 1941 365 2022 quod
380 1944 571 2024 amplexus,
588 1948 740 2006 extrema
760 1939 853 2023 quod
872 1938 994 2002 oscula
1006 1937 1090 2020 fugi.
1159 1957 1163 1963 ·
1187 1936 1254 2002 745

154 2048 318 2113 Nondum
339 2051 490 2115 destituit
506 2052 638 2114 calidus
654 2057 714 2114 tua
729 2051 869 2113 vulnera
884 2048 1035 2129 sanguis,
1153 2066 1156 2073 ·

154 2157 438 2242 Semianimisque
449 2160 560 2244 jaces,
577 2166 611 2223 et
626 2160 735 2222 adbuc
751 2164 851 2241 potes
867 2174 946 2221 esse
968 2160 1152 2239 superstes.
1227 2154 1233 2161 '

158 2264 217 2329 Sic
238 2267 340 2344 fatuo,
358 2271 513 2351 quamvis
530 2269 690 2352 capulum
711 2269 920 2350 perviscera
938 2267 1036 2329 missi

156 2371 333 2440 Polluerat
353 2378 469 2458 gladii,
485 2383 599 2441 tamen
614 2379 684 2441 alta
698 2378 761 2442 sub
778 2389 919 2459 aequora
933 2375 1041 2438 tendit

157 2483 334 2568 Proecipiti
349 2487 448 2550 saltu.
464 2487 570 2551 letum
584 2488 778 2571 praecedere
793 2488 865 2550 nati
1188 2485 1254 2551 750

158 2594 391 2660 Festinantem
403 2598 550 2679 animam
565 2599 664 2660 morti
685 2617 754 2660 non
769 2596 912 2663 credidit
926 2597 997 2660 nni.
1252 2592 1256 2597 ’

202 2703 372 2768 Inclinant
382 2706 456 2788 jam
471 2706 544 2770 fata
561 2707 704 2770 ducum:
727 2726 791 2769 nec
804 2705 877 2789 jam
892 2706 1040 2789 amplius
1055 2724 1186 2790 anceps

160 2839 389 2899 737adpappem,in
397 2841 500 2900 puppim.
539 2844 588 2890 737
598 2843 713 2901 spirantes.
754 2842 803 2888 734
818 2839 932 2887 Distentis.
965 2841 1014 2887 734
1024 2848 1089 2887 tento.
1121 2839 1259 2889 7350000.

192 2903 241 2949 735
252 2903 303 2949 tute.
389 2902 438 2952 737
449 2906 523 2951 etam.
615 2909 663 2954 737
675 2906 778 2952 lobeotia.
875 2907 923 2950 743
936 2903 995 2952 Diis.
1091 2904 1234 2953 vescente:

159 2965 208 3016 746
218 2968 307 3012 msera
446 2970 494 3016 747
506 2969 698 3030 Scmmnimosqoa
816 2971 865 3018 743
875 2969 946 3014 mera
1071 2971 1120 3017 749
1132 2965 1254 3017 Pollicerit.

216 3033 265 3080 750
277 3030 392 3090 Pracipiti
401 3032 467 3078 saltu.
480 3040 502 3078 et
512 3033 589 3090 letam,
602 3033 715 3094 Praeceps:
727 3041 749 3080 et
757 3034 825 3080 letum
833 3032 941 3096 gaudens.
982 3034 1029 3080 751
1042 3030 1211 3093 festinamque.
1223 3050 1225 3054 ⁴

194 3143 250 3188 730.
268 3141 406 3203 Esernplum,
413 3143 471 3205 liro]
490 3145 612 3192 Excitator
622 3147 696 3193 virtu·
722 3146 823 3206 excepit.
841 3145 970 3192 Estrerrwsi
987 3146 1035 3206 quis
1049 3159 1116 3204 super
1126 3144 1211 3192 halitus
1222 3160 1257 3193 cr·
1296 3128 1300 3133 “

73 3254 76 3259 ,
162 3206 292 3262 tlsalieuse,
301 3208 358 3254 licet
368 3209 458 3254 viribus
466 3225 509 3269 per
519 3211 697 3258 aunosexhaus·
720 3210 904 3272 raiOrelegam.
921 3209 987 3270 Virg.
998 3210 1040 3256 lib.
1051 3212 1075 3255 4
1087 3209 1182 3260 AEneid

162 3271 194 3316 trs
205 3286 308 3330 rpsanon
316 3279 437 3332 pugnaret
451 3272 547 3331 Funere,
557 3273 602 3321 &a
613 3274 696 3336 ortua]
753 3278 810 3323 741.
830 3273 860 3322 Ut
877 3282 962 3334 torpore
977 3272 1146 3334 mamis]
1163 3273 1210 3322 Ubi
1225 3289 1257 3327 cx
1331 3282 1333 3287 '

164 3334 231 3381 Filii
702 3355 792 3386 annm
803 3349 895 3399 torpore
907 3341 981 3398 ejecto
991 3337 1115 3400 respiravit
1130 3353 1212 3396 senex,
1227 3341 1257 3386 sd

197 3401 253 3445 734.
272 3397 381 3446 Distentis
392 3407 443 3456 toto,
459 3400 515 3462 dre]
533 3401 640 3448 Extentrs
650 3418 698 3449 ms
722 3419 748 3449 se
758 3403 837 3458 redut
849 3401 1133 3462 recepitqneadolora
1110 3417 1180 3450 vires

164 3461 383 3523 uibuspedibusque
395 3465 698 3526 extremispartibnscalore
754 3471 810 3514 747.
830 3465 882 3512 Non
889 3466 982 3526 perdum
996 3463 1113 3526 iesaperu]
1139 3467 1195 3513 Non
1213 3467 1258 3514 du·

166 3526 283 3573 destitutis
293 3535 317 3573 et
326 3528 461 3587 rigentibus
722 3531 793 3577 ieram
809 3537 913 3576 mortem.
932 3529 1013 3589 Sulpit
1031 3529 1083 3576 Non
1095 3528 1189 3588 perdum
1205 3539 1259 3578 tem·

198 3592 254 3638 735
274 3590 395 3648 Nossubr't,
407 3591 561 3653 &c]Mort1s
572 3593 646 3654 caligo
654 3609 698 3640 ceu
720 3591 1258 3654 poradirit.]Nonirnarm1seroev1taeusm

167 3654 237 3763 an‘iipn
230 3654 373 3763 'dehiquium
387 3657 480 3716 obrepit
493 3657 554 3717 patri
569 3657 699 3704 exanimato
722 3657 866 3783 ghi]
790 3673 803 3702 a
813 3657 858 3703 diis
867 3656 927 3702 baud
936 3656 1010 3716 equis
1021 3670 1141 3712 concesse,
1152 3657 1193 3704 sed
1203 3673 1258 3706 oon·

167 3734 181 3765 e
215 3733 307 3765 rroaee
732 3723 841 3781 oramju

201 3784 257 3831 737.
275 3780 417 3843 liberarint]
434 3782 519 3842 Argus.
539 3783 644 3846 Lirim]
661 3786 700 3832 In·
755 3787 812 3835 746.
815 3736 936 3830 JuNerulum
950 3782 1057 3841 (100700,
1069 3782 1126 3846 &o.]
1143 3781 1259 3846 Expecta,

168 3846 285 3892 clinatnm
723 3849 819 3896 habebis
829 3864 865 3894 mc
877 3848 980 3907 supremi
991 3849 1082 3896 rimeris
1091 3847 1208 3907 comitem
1213 3860 1260 3896 no-

201 3913 257 3960 738.
275 3909 380 3971 Solutus]
398 3911 425 3956 lu
436 3917 509 3957 morte
518 3912 636 3959 resolutas
724 3915 748 3960 lo
760 3913 804 3959 tibi
815 3927 943 3973 superesse
954 3918 1095 3960 antevertam
1105 3920 1178 3959 carte

201 3978 257 4024 739.
277 3973 448 4020 Tacitotantum
456 3976 512 4035 petit
528 3977 604 4022 oscula
615 3973 700 4036 calm]
757 3980 813 4026 748.
832 3977 936 4030 Quamvis
955 3976 1069 4036 capulum,
1090 3975 1147 4038 δια]
1165 3976 1261 4025 Preco-

168 4039 241 4086 Vultu
252 4039 363 4101 gestuque
374 4038 434 4098 petit
441 4047 545 4086 extrema
552 4040 592 4086 illa
600 4055 702 4095 munera,
725 4058 809 4102 cupere
820 4041 861 4086 lilii
876 4047 972 4090 mortem
989 4041 1099 4088 festinans
1109 4038 1199 4100 duplici
1216 4049 1259 4089 ro·

169 4104 243 4150 osculi
254 4102 360 4164 spiritum
371 4118 501 4162 supremum
511 4104 659 4164 excipientis
676 4111 703 4150 ut
725 4105 859 4152 luitmortis
877 4105 975 4152 anchora
991 4105 1042 4151 niti.
1060 4105 1160 4165 gladium
1167 4104 1259 4180 capulo

170 4168 254 4214 dextra
264 4167 344 4214 oeulos
354 4167 529 4227 comprimenus
546 4167 703 4214 Necessitudi·
725 4169 927 4216 tenusmvrscers
937 4170 1055 4231 adegerat
1063 4169 1118 4217 indo
1130 4167 1260 4251 usinum

169 4246 198 4278 nc
209 4232 269 4278 enim
280 4230 387 4291 proxime
401 4233 537 4290 conjunctus
551 4231 703 4278 morientibus
725 4234 888 4296 praecipitavit.

170 4296 251 4342 ocrrlos
267 4295 352 4343 clausit
367 4295 429 4356 apud
446 4301 545 4352 veteres,
560 4296 703 4372 ctexpiran·
758 4301 814 4349 757.
832 4295 992 4374 Inclbroijarp,
1004 4295 1060 4360 δια]
1077 4296 1191 4367 Epilogus
1201 4310 1261 4372 pug-
1291 4292 1299 4303 “

171 4369 218 4408 tem
234 4360 389 4417 deosculatus,
405 4359 529 4421 lugientem
546 4376 587 4408 ore
605 4361 702 4409 animam
726 4378 761 4412 na
777 4361 873 4411 navalis.
889 4361 995 4410 Victoris
1013 4361 1141 4410 inclinabat
1161 4361 1191 4410 et
1196 4357 1262 4411 ’0οο
