2784 4860
148 343 191 408 hl
417 343 468 411 Μ.
513 343 718 413 ANNAEI
761 341 980 411 LUCANI

148 516 250 581 Nune
266 518 366 581 urbes
382 517 494 582 excite
508 517 617 582 feras:
641 517 794 601 conjuret
808 518 843 581 in
858 537 953 582 arma

74 666 78 678 ι
108 650 110 657 .
149 626 318 691 Mundus:
341 627 572 710 Achaemeniis
588 628 766 693 decurrant
781 626 921 692 Medica
936 626 1035 695 Susis

146 735 308 819 Agmina:
333 735 549 820 Massagetas
564 737 744 822 Scythicus
759 757 828 802 non
844 738 960 820 alliget
974 737 1079 805 latera

148 845 284 911 Fundat
297 847 341 910 ab
356 852 507 911 extremo
522 847 631 913 ssavos
646 845 817 930 Aquilone
833 846 965 913 Suevos
1053 885 1057 894 ·

143 954 258 1031 Albis,
274 961 308 1020 et
322 957 521 1021 indomitum
536 957 648 1021 Rheni
664 963 783 1040 caput:
807 958 964 1022 omnibus
978 958 1095 1024 hostes

86 1056 89 1064 ’
148 1065 294 1130 Reddite
309 1087 373 1130 nos
389 1069 545 1151 populis:
570 1067 670 1132 civile
687 1069 826 1132 avertite
842 1068 986 1132 bellum:
1147 1047 1154 1058 ⁵

148 1176 241 1240 Hinc
258 1177 376 1240 Dacus
391 1182 532 1260 premat,
549 1177 628 1241 inde
643 1176 769 1242 Getes:
792 1183 949 1243 ooourrat
963 1177 1073 1242 Iberis

146 1285 260 1350 Alter:
273 1288 329 1351 'ad
345 1288 437 1351 ans
452 1288 508 1352 hic
523 1293 632 1352 vertat
646 1289 744 1369 signa
757 1287 943 1370 pharetras.

147 1396 254 1460 Nulla
268 1403 368 1461 vacet
382 1399 444 1460 tibi
460 1397 574 1464 Roma
588 1418 718 1461 manus.
735 1398 790 1461 vel
805 1398 946 1479 perdere
960 1416 1084 1462 nomon

147 1505 185 1568 Si
200 1507 314 1589 placet
328 1507 536 1589 Hesperium
552 1505 684 1589 Superi,
702 1507 877 1588 collapsus
893 1506 929 1570 in
943 1508 1040 1588 ignes

147 1615 317 1680 Plurimus
333 1617 378 1680 ad
393 1622 514 1680 terram
528 1636 589 1699 per
603 1615 746 1689 fulmina
760 1616 896 1679 decidat
910 1615 1026 1680 aether.

113 1724 118 1740 “
147 1724 246 1789 Saeve
261 1747 396 1808 parens,
412 1732 572 1808 utrasque
587 1725 688 1791 simul
703 1731 885 1808 partesque
900 1725 1085 1808 ducesque,

146 1833 238 1898 Dum
253 1837 402 1903 nondum
417 1857 578 1912 meruere,
593 1834 666 1898 feri.
689 1839 827 1899 tantone
842 1854 1007 1899 novorum

145 1943 318 2010 Proventu
333 1948 497 2011 scelerum
512 1949 677 2028 quaerunt,
691 1949 767 2008 uter
781 1944 924 2027 imperet
938 1943 1049 2008 Urbit

143 2052 217 2116 Vix
232 2056 316 2121 tanti
331 2055 439 2120 fuerat
454 2056 570 2120 civilia
584 2055 676 2118 bella
689 2054 829 2129 moveri,
846 2103 851 2111 .

145 2161 193 2226 Ut
208 2170 334 2228 neuter.
378 2165 481 2230 Tales
497 2165 609 2248 pietas
624 2163 773 2247 peritura
788 2163 942 2246 querelas

145 2269 278 2353 Egerit:
302 2280 337 2338 at
351 2275 493 2340 miseros
510 2275 602 2357 angit
617 2293 680 2338 sua
695 2293 777 2338 eura
791 2279 959 2356 parentes,

193 2423 225 2466 48
235 2422 311 2468 amnis.
371 2425 403 2469 49
416 2420 559 2468 Achimeniir.
609 2424 641 2469 49
652 2420 732 2467 medio.
783 2421 815 2470 50
829 2418 977 2482 llassugeten.
1029 2421 1192 2471 tatiacum.

97 2519 100 2522 «
192 2490 224 2535 56
235 2501 322 2542 moratas,
332 2495 403 2532 vacet.
470 2489 500 2534 57
512 2487 594 2548 ignem.
675 2484 822 2548 bssflumiaa.
905 2487 997 2533 58aer.
1080 2485 1182 2536 59Sive.

231 2553 385 2611 59urrosque.
430 2573 433 2578 ,
515 2556 545 2600 61
559 2550 622 2596 Orat.
754 2552 888 2600 etawvere.
1020 2553 1053 2597 64
1063 2559 1085 2596 et
1096 2549 1144 2595 mis.

145 2674 207 2721 Date
227 2677 333 2736 gentibus
352 2673 418 2736 iras]
452 2677 575 2722 concitent
590 2683 678 2722 tanturn
703 2675 777 2721 matiae
790 2675 910 2735 Europaeae
925 2691 979 2736 pop.
1001 2674 1114 2728 Walachi,
1129 2673 1239 2731 Moldooi,

53 2782 62 2793 .,
144 2739 201 2786 alias
213 2749 294 2799 gentes
305 2741 334 2786 ad
346 2756 408 2786 arma
421 2741 523 2786 Romana
536 2742 679 2795 lacessenda,
705 2739 861 2802 Troasytvaai.
873 2739 997 2795 Occurrat,
1006 2739 1064 2801 δια]
1091 2740 1242 2799 Oeoupentur
1342 2749 1345 2756 “

143 2803 164 2848 si
181 2805 271 2850 omnino
286 2805 419 2850 bellandum
429 2805 467 2850 sit.
487 2805 544 2850 lude
560 2812 679 2851 enumerat
705 2805 828 2864 Pompeius
836 2811 860 2849 et
867 2806 946 2851 Gaesar
953 2803 1056 2850 externis
1063 2801 1139 2850 bellis.
1151 2804 1240 2851 alteria

144 2867 231 2926 aliquot
242 2875 322 2929 gentes
339 2867 478 2914 immanitate
491 2870 608 2924 barbaras,
625 2885 678 2914 eum
703 2868 833 2929 Hispanos,
844 2869 903 2915 alter
912 2870 981 2915 duest
989 2868 1093 2930 legiones
1104 2867 1129 2914 in
1140 2867 1240 2916 Parthos

143 2931 226 2990 quibus
238 2933 359 2991 aliquando
376 2932 433 2992 Pop.
454 2934 520 2979 Rom.
536 2934 623 2982 bellum
639 2934 678 2979 ha·
703 2935 855 2994 pharetratos.

143 2996 228 3043 buerit.
263 2995 370 3043 Horteas.
736 2999 776 3046 56.
795 2996 868 3043 Nulla
889 3005 952 3044 vacet
973 2996 1016 3043 tihi
1041 2993 1114 3042 Remo
1138 2994 1249 3059 meam]

176 3060 215 3106 48,
235 3058 411 3124 Excitej‘eraa]
438 3062 558 3109 Adversus
569 3077 619 3107 nos.
703 3063 788 3107 Omnes
797 3067 877 3121 gentes
887 3061 985 3107 Romam
995 3058 1182 3120 undiquehostili
1191 3056 1240 3107 siui-

176 3129 216 3172 49.
235 3124 392 3179 Achaemeniis,
405 3125 462 3187 dte]
488 3113 679 3172 bontranosve·
702 3133 836 3186 mopetant.
863 3121 905 3172 Vel
919 3126 1024 3185 perdere,
1044 3122 1103 3185 &o.]
1126 3123 1154 3170 si
1170 3124 1239 3187 robis

142 3187 206 3235 uiant
227 3189 307 3236 Parthi
329 3205 342 3234 e
361 3190 426 3235 Susis
448 3189 542 3236 civitate
563 3191 677 3236 Persidis.
702 3189 812 3250 oSuperi
831 3190 950 3237 decretum
970 3190 1002 3236 sit
1016 3187 1121 3236 funditus
1138 3189 1238 3249 perdere

142 3254 184 3300 lib.
196 3256 218 3301 8.
230 3270 292 3301 vers.
305 3257 361 3304 924.
380 3256 457 3300 Persae
476 3261 552 3300 autern
569 3261 593 3300 et
613 3254 678 3300 Medi
703 3257 770 3302 Rom.
779 3269 870 3310 nomen,
880 3260 959 3301 vestra
970 3269 1039 3301 mana
1048 3259 1130 3314 pereat
1143 3252 1240 3300 fulmine

143 3320 236 3365 contuse
256 3325 373 3380 ponuntur
395 3335 437 3380 pro
456 3318 546 3364 Parthis
568 3319 678 3378 gravibus
703 3317 794 3365 ooelitus
802 3318 826 3364 in
835 3325 908 3365 terras
918 3318 997 3365 misso.

144 3386 210 3430 Rom.
224 3383 322 3430 nominis
337 3384 449 3445 hostibus,
462 3384 523 3443 apud
540 3398 597 3442 quos
609 3384 677 3429 Cras·
735 3387 775 3432 60.
793 3379 1093 3442 Damamadummeruere]
1109 3381 1240 3442 Antequam

143 3464 182 3493 sus
204 3463 256 3494 eum
276 3448 324 3494 lilio
345 3456 370 3494 et
388 3448 494 3494 exercitu
512 3462 586 3507 nuper
602 3449 677 3507 perie-
702 3445 769 3493 civiti
780 3447 913 3507 polluantur
927 3446 1045 3508 sanguine.
1058 3443 1133 3508 Fert]
1152 3444 1240 3493 Peron-

142 3519 201 3557 rant.
703 3510 756 3556 tias.

175 3579 214 3626 50.
232 3574 525 3639 MassagetasScythicas.]
548 3577 630 3635 Neque
640 3575 677 3622 Is·
735 3578 774 3621 61.
793 3575 908 3636 Proventu
915 3571 1045 3635 scelerum]
1062 3573 1239 3625 Uhertatesee-

142 3646 178 3686 ter
187 3639 307 3700 prohibeat
318 3641 416 3700 Scythas
427 3649 450 3688 et
462 3642 608 3686 Sauromatas
620 3656 677 3700 quo·
701 3639 784 3686 lerum.
805 3637 881 3700 Urbi]
898 3639 954 3694 Alii,
967 3638 1041 3694 Orbi.-

142 3704 217 3750 rniuus
237 3704 261 3750 in
279 3721 322 3751 nos
344 3706 439 3753 irruant.
474 3706 511 3751 Ad
533 3706 676 3764 Massagetas
734 3707 773 3753 62.
794 3701 912 3759 Viamata
925 3702 981 3764 &e.]
1000 3702 1175 3750 Civilebellmn
1190 3717 1239 3750 non

141 3783 197 3813 vero
208 3784 252 3815 non
263 3769 370 3829 pervenit
386 3771 455 3825 lster,
471 3785 546 3829 neque
558 3786 570 3814 e
582 3768 677 3829 Scythia
701 3775 751 3815 erat
760 3769 906 3822 movendum,
916 3776 943 3814 nt
953 3775 1035 3814 neuter
1041 3765 1099 3828 imp.
1107 3766 1133 3813 id
1141 3774 1186 3822 est,
1193 3783 1239 3830 pro

141 3832 199 3878 tlnit.
700 3833 751 3892 ipsa
759 3832 829 3879 etiam
838 3833 945 3879 libertate
954 3833 1047 3879 tuenda.
1060 3828 1170 3893 Mureti]
1180 3830 1239 3890 Alii,

174 3898 214 3944 51.
233 3895 313 3944 Flavus
322 3896 422 3959 Sueuos]
440 3897 553 3950 Bavares,
563 3897 675 3953 Polonos,
700 3912 792 3944 movere.
946 3901 954 3915 ⁹

141 3962 290 4016 Pomeranos,
301 3962 386 4022 quibus
398 3962 505 4008 eaesaries
516 3963 583 4010 tuve.
733 3964 772 4013 63.
792 3960 823 4008 Ut
833 3958 935 4022 aetatem]
953 3961 1004 4008 Nee
1016 3961 1103 4016 eamr,
1113 3975 1156 4007 nee
1165 3958 1237 4008 Pota·

174 4029 213 4072 5⁰2.
232 4026 316 4088 Attia]
341 4024 405 4073 Erue.
431 4027 558 4073 Germaniae
585 4027 639 4073 fluv.
661 4041 674 4072 e
700 4026 773 4089 peius.
792 4023 1236 4087 Anergotautaeladsarmiseirilibus

140 4091 256 4137 montibus
284 4089 403 4137 Bohemiae
432 4097 503 4136 ortus.
536 4088 674 4137 Indomitum
700 4091 883 4138 ornnianriseere
899 4097 1001 4151 oportet,
1018 4097 1045 4137 ut
1059 4096 1141 4137 neumr
1156 4089 1236 4136 laetam

142 4153 218 4201 retent
228 4153 317 4215 caput]
336 4155 432 4201 Rhenus
448 4156 507 4201 duos
522 4155 590 4200 habet
599 4155 674 4202 sontes
699 4155 820 4202 victoriana
830 4151 1114 4222 reportaritfferitara]
1131 4153 1173 4202 Nil
1182 4169 1237 4216 pro·

139 4219 674 4281 interRhaetos,quosAugustusooereuit,non
699 4221 786 4266 futura.
931 4266 936 4277 ,

140 4284 238 4331 domuit.
256 4285 350 4330 Sueten.
732 4287 770 4333 64.
789 4282 889 4347 Egerit]
907 4283 1028 4341 Effundit3
1048 4283 1079 4330 ab
1098 4297 1172 4346 egeto,
1192 4281 1233 4330 ris.

172 4349 212 4397 54.
233 4349 311 4397 Dacus
326 4356 425 4410 premat,
442 4348 496 4394 inde
516 4345 603 4409 Getes]
621 4347 674 4394 Sar·
699 4348 731 4396 At
748 4351 835 4428 pheras
850 4349 924 4413 angit,
934 4346 992 4411 &o.]
1010 4351 1080 4397 &aas
1099 4347 1129 4396 cla
1140 4345 1235 4416 legibus
1249 4383 1262 4395 .
