2784 4860
138 355 181 420 56
407 355 458 420 M.
496 355 701 422 ANNAEI
745 354 968 423 LUCANI

139 529 298 612 Dirignit,
321 528 511 611 ferrumque
526 549 629 593 manu
643 535 797 613 torpente
811 530 960 609 romisit;

138 639 283 704 Viderat
297 639 496 703 immensam
510 641 691 705 tenebroso
707 640 742 702 in
758 659 894 704 carcere
909 638 1033 716 lucem,

138 753 388 837 Terribilesque
405 753 500 818 Deos
516 754 700 834 scelerum3
725 754 941 837 Mariumque
954 751 1121 818 futurum:
1194 751 1243 818 8⁰

139 863 370 946 Audieratque
386 883 535 947 pavens:
559 863 640 928 Non
655 864 730 928 haec
747 864 941 945 contingere
956 862 1011 926 fas
1026 867 1079 927 est

140 973 240 1039 Colla
254 976 335 1039 tibi:
358 975 459 1039 debet
474 975 598 1039 multas
613 974 669 1038 hic
684 975 816 1056 legibus
832 973 899 1037 aevi

140 1083 229 1148 Ante
246 1104 354 1161 suam,
375 1090 520 1150 mortes:
543 1104 669 1149 vanum
685 1084 818 1166 depone
833 1083 991 1147 furorem.

80 1256 84 1261 .
141 1193 179 1257 Si
193 1195 276 1258 libet
292 1195 411 1258 ulcisci
428 1195 548 1257 deletae
565 1194 685 1258 funera
700 1194 820 1274 gentis,

142 1304 245 1368 Hunc
262 1304 389 1368 Cimbri
405 1310 536 1368 servate
552 1322 678 1366 senem.
700 1322 770 1365 non
787 1301 846 1364 ille
863 1301 981 1365 favore

142 1414 313 1490 Numinis,
328 1413 455 1495 ingenti
470 1412 637 1494 Superum
652 1416 825 1494 protectus
841 1411 885 1474 ab
899 1411 962 1486 ira,

141 1523 204 1589 Vir
219 1524 322 1598 feruS,
339 1528 372 1586 et
387 1521 535 1586 Romam
551 1522 701 1604 cupienti
716 1521 856 1604 perdere
871 1519 943 1584 fato

141 1632 331 1697 Sufficiens.
347 1631 438 1694 idem
453 1632 576 1714 pelago
592 1631 724 1695 delatus
739 1630 857 1712 iniquo

141 1739 314 1807 Hostilem
329 1743 365 1806 in
379 1747 512 1817 terram,
528 1742 716 1823 vacuisque
731 1740 925 1822 mapalibus
941 1743 1051 1813 actus,
1208 1828 1210 1832 Ι

142 1851 248 1919 Nuda
261 1853 456 1936 triumphati
468 1852 581 1935 jacuit
595 1872 656 1934 per
670 1870 773 1933 regna
786 1849 975 1932 iugurthae,
1074 1854 1077 1862 '
1198 1848 1244 1914 90

142 1961 186 2027 Et
200 1962 331 2027 Poenos
346 1963 471 2046 pressit
488 1962 628 2026 cineres.
652 1961 776 2025 solatia
790 1954 856 2024 fati

139 2061 324 2156 Carthago,
341 2072 541 2154 Mariusque
556 2072 649 2134 tulit:
671 2071 864 2154 pariterque
878 2070 1035 2155 jacentes

143 2182 309 2266 Ignovere
325 2182 410 2246 deis.
456 2181 605 2264 Libycas
620 2179 668 2244 ibi
684 2182 813 2262 colligit
826 2181 907 2256 iras,

202 2344 232 2388 81
245 2304 403 2398 Faustinum.
438 2340 570 2391 simultas.
605 2341 748 2387 83orortem.
783 2342 814 2387 88
826 2340 939 2401 delapsus.
973 2341 1067 2389 asciis.
1100 2341 1192 2393 93silri.

176 2474 215 2518 80.
235 2469 294 2520 Deos
304 2468 433 2531 scelerum]
451 2470 534 2518 Furiae
554 2471 615 2522 θεοὺς
632 2488 679 2518 ποι·
704 2473 734 2518 ad
744 2488 824 2532 agrum
834 2472 1037 2532 Carthaginensem
1045 2473 1136 2534 trajecit
1144 2489 1152 2531 3
1161 2472 1242 2520 ibitu-

143 2533 220 2596 νίμους.
238 2536 277 2580 Dii
290 2541 366 2582 autem
376 2537 496 2595 utriusque
511 2542 564 2582 eunt
580 2537 678 2596 generis.
703 2538 816 2584 terdiotns
826 2553 840 2582 a
851 2537 935 2583 Sextili
947 2538 1052 2598 praetoris
1066 2537 1159 2593 lictore,
1173 2553 1203 2586 na
1215 2537 1241 2585 in

145 2597 433 2662 Mariumquefuturum]
459 2599 598 2660 Emphaticc.
619 2602 681 2646 lutn-
704 2601 782 2648 Africa
791 2603 875 2662 pedem
886 2608 990 2661 poneret.
1024 2600 1150 2656 Reverentia,
1166 2601 1242 2663 inquit

143 2679 194 2712 rum
205 2680 238 2710 sc.
249 2665 366 2711 crudelem
378 2664 485 2710 ultorem.
704 2666 801 2720 Marius,
821 2667 923 2725 pretori,
944 2667 1025 2712 uidisse
1043 2673 1066 2712 te
1087 2666 1114 2713 C.
1136 2665 1242 2713 Marium

177 2731 217 2778 82.
234 2727 412 2792 Legibusaevi.]'
423 2727 503 2784 Morti,
514 2744 565 2788 quac
576 2728 616 2774 lex
634 2729 679 2776 aeri
704 2731 958 2776 eculemioruderibus
967 2729 1241 2794 cantagtntrrttaorea,

144 2799 188 2839 est.
343 2813 345 2816 ·
705 2794 766 2840 haud
777 2795 835 2840 mute
840 2795 965 2859 sorturwm
975 2797 1023 2856 eJ'us
1031 2795 1103 2849 urbia
1113 2803 1135 2842 et
1145 2790 1241 2842 tauram

179 2859 218 2902 83.
239 2855 328 2904 Vanum
339 2859 422 2919 depone
429 2855 559 2922 furorem]
583 2855 679 2917 Cupidi-
704 2874 782 2905 rerum
793 2858 940 2905 mutationem
952 2859 977 2905 in
990 2859 1113 2920 exemptum
1130 2859 1239 2921 εἰρυμ-

145 2927 217 2967 tatem
227 2921 273 2967 mei
283 2922 438 2968 interimendi.
704 2937 767 2970 ricus.
801 2923 949 2969 Plutarchus.
975 2923 1174 2971 EtCimbrumt'n
1186 2921 1239 2971 Μα-

178 2986 217 3032 85.
236 2983 306 3032 Hunc
323 2986 511 3033 Cimbri‘serocte
527 2983 621 3046 senem]
640 2986 679 3032 Me
704 2988 747 3042 ror,
757 2986 902 3048 Mariumque
912 2988 937 3032 io
948 3002 1040 3035 carcere
1053 2989 1147 3035 victum.
1173 2987 1241 3042 Quod

144 3049 279 3096 saevituram
294 3050 318 3095 in
330 3052 445 3097 Romanos
456 3055 479 3095 et
490 3050 582 3095 inferias
593 3066 624 3096 ex
633 3049 680 3095 illis
706 3051 790 3098 Consul
802 3053 890 3105 totiens,
906 3053 1007 3114 arubae,
1022 3067 1049 3098 ec
1064 3052 1128 3098 emite
1140 3051 1240 3100 Consul:

143 3113 267 3159 relaturum
281 3114 371 3161 civibus
382 3114 428 3160 tuis
439 3113 507 3159 abiis
519 3114 594 3159 cresis.
628 3113 681 3160 Non
706 3114 737 3162 Et
747 3117 826 3178 jacuit
839 3115 931 3178 Libycis
946 3132 1036 3177 compar
1043 3119 1143 3178 jactura
1156 3117 1241 3173 ruinis,

144 3177 278 3241 illefaoore,
288 3177 345 3240 δια]
369 3181 423 3224 Non
432 3176 498 3223 illurn
515 3179 637 3224 servabant
647 3178 681 3224 dii
705 3180 750 3226 &a
764 3179 847 3227 Mersit
857 3184 882 3227 4.

145 3243 207 3302 quod
213 3242 288 3289 Mario
296 3243 407 3296 faverent,
416 3243 458 3288 sed
465 3242 527 3302 qnod
537 3241 681 3289 Romaeiras-
738 3248 777 3293 89.
795 3244 905 3292 Hostilem
923 3245 949 3290 in
966 3252 1058 3299 terram,
1077 3243 1134 3306 δια]
1151 3243 1243 3291 cuiin-

145 3313 259 3361 cerentur,
281 3307 324 3353 hoc
343 3307 414 3354 effero
432 3305 481 3353 viro
497 3306 562 3353 usuri
579 3322 620 3368 pro
639 3322 681 3353 sno
705 3308 1006 3362 terdicebatura‘l’raetore,
1017 3309 1239 3356 hostiedealaratnc.

144 3371 243 3431 flagello.
545 3400 548 3413 ι
704 3374 748 3428 vel,
758 3373 833 3421 Mario
844 3373 957 3427 infestam,
968 3373 1007 3433 qni
1019 3389 1069 3419 eam
1080 3375 1213 3433 subegerat.

178 3438 218 3486 86.
235 3436 270 3483 Ab
288 3438 333 3493 iro,
351 3434 408 3497 &c.]
432 3435 513 3482 Malim
532 3433 566 3481 eia
584 3433 679 3495 legere:
738 3442 778 3487 90.
797 3435 1086 3498 Nudutriumpbutt,&o.]
1103 3435 1240 3501 Hyputloge,

296 3536 373 3547 -....
380 3515 569 3568 Nonarusavm
704 3503 756 3562 ipse
776 3503 859 3557 nudus,
877 3502 912 3548 vel
927 3501 1038 3558 desolata,
1057 3501 1141 3549 incolis
1158 3514 1240 3558 veen»,

144 3572 352 3625 Namtnts‚tngentt
361 3585 469 3625 superum
475 3575 627 3626 protectueat
636 3573 682 3623 tra,
705 3574 746 3613 aut
757 3583 816 3615 rara.
832 3566 996 3631 [lliumplratt'.
1008 3567 1045 3614 De
1056 3581 1102 3627 quo
1116 3565 1242 3628 triumphe·
1330 3626 1333 3631 Ι

146 3630 315 3685 Vtrserus,&c.
705 3638 749 3678 rat.

146 3696 302 3749 Melinsenim
311 3703 345 3748 sio
354 3703 455 3749 cohaeret
467 3718 554 3748 sensus.
566 3700 669 3748 Grotius.
739 3699 779 3744 91.
796 3696 827 3744 Et
838 3696 917 3744 Panos
925 3693 1122 3757 preattctueres]
1136 3693 1200 3741 Nam
1205 3692 1241 3740 in-

180 3769 219 3815 88.
231 3764 370 3827 Sufficiens]
381 3767 428 3823 Qui
435 3767 533 3813 velunns
543 3767 571 3812 ed
581 3765 681 3813 eversio·
705 3768 741 3808 ter
751 3761 827 3808 ruinas
837 3760 982 3821 Carthaginis
997 3759 1130 3820 aliquandiu
1138 3758 1241 3806 delituit.

145 3846 199 3877 nem
210 3832 274 3876 urbis
284 3831 387 3877 sufficere
398 3831 519 3893 potuisset,
530 3831 548 3878 ai
560 3831 680 3878 voluisset.
706 3824 814 3873 Horteus.
827 3825 912 3872 Solatia
912 3825 972 3890 sati,
985 3823 1043 3885 δια]
1061 3822 1194 3882 enthrglni
1203 3838 1242 3870 ao-

147 3893 257 3941 Horteur.
269 3893 333 3941 ldem
340 3896 419 3957 pelago
427 3896 515 3942 delatus
523 3893 620 3956 iniquu]
630 3897 680 3941 Ma·
704 3889 760 3936 latio
772 3897 821 3937 erat
832 3890 920 3936 Marius
928 3891 973 3936 huc
980 3888 1124 3935 miseriarum
1132 3888 1241 3934 tdtatu:

145 3959 194 4005 rins
204 3975 218 4006 a
228 3960 423 4007 Minturnensibus
434 3961 551 4013 dimissus,
564 3961 608 4006 iter
618 3975 680 4005 mare
706 3954 789 4011 Mario,
805 3955 907 4012 hamulo,
921 3960 990 4001 tantae
1004 3953 1070 4001 urbia
1084 3951 1208 4000 excidium·
1216 3958 1241 3998 et

147 4037 227 4070 versus
238 4040 281 4083 per
290 4025 360 4071 devia
370 4025 487 4086 corripuit,
501 4041 525 4070 ee
537 4024 561 4069 in
573 4024 680 4083 scapham
706 4020 780 4066 ruina.
1163 4036 1167 4041 ·

147 4089 254 4147 conjecit,
266 4089 399 4147 insurgente
415 4093 551 4148 tempestate
569 4091 680 4148 guberna·
738 4086 778 4133 93.
796 4081 912 4147 Libycus]
935 4083 1035 4137 Efferus,
1050 4081 1170 4134 inmanes,
1185 4094 1240 4140 qun·

147 4152 200 4198 culo
210 4154 283 4199 fracto
294 4153 384 4200 delatus
395 4160 431 4199 est
442 4155 471 4199 ad
482 4152 580 4198 insulam
591 4152 680 4198 Menin-
705 4149 739 4196 les
758 4149 834 4195 solent
851 4150 902 4195 esse
919 4151 1074 4195 barbarorum.
1101 4143 1140 4192 Ibi
1154 4143 1243 4206 colligit

147 4232 201 4278 gen,
215 4218 255 4264 ubi
269 4218 371 4279 receptis
381 4217 517 4278 quibusdam
528 4214 606 4270 sociis,
617 4217 681 4262 audi·
705 4211 772 4274 irae]
790 4212 881 4261 Martae
893 4213 958 4260 clude
968 4213 1048 4272 major,
1057 4212 1078 4258 ti
1087 4209 1179 4272 quidem
1189 4221 1241 4254 cor·

147 4288 217 4342 toque
227 4283 299 4328 lilium
310 4298 376 4328 snum
392 4297 444 4328 cum
455 4281 559 4340 Cethego
570 4281 647 4326 salros
656 4280 682 4327 in
705 4293 753 4332 cer,
763 4285 855 4334 eatena,
863 4277 935 4343 fuga,
950 4277 1042 4325 exilium
1057 4272 1243 4336 borrffiecwmt

147 4345 249 4394 Africam
266 4347 369 4395 evasisse
379 4347 409 4394 ad
420 4343 587 4413 Hiempsalem,
598 4351 621 4392 et
631 4345 682 4408 ipae
706 4343 850 4406 dignitatem.
865 4398 868 4405 Δ
881 4341 966 4390 Florus
974 4341 1016 4390 lib.
1028 4342 1052 4388 3.
1068 4354 1121 4401 cap.
1135 4340 1151 4386 2
