2784 4860
137 331 204 399 ⁵76
443 333 937 403 SUPPLEMENTUM

139 503 299 569 Sulcatas
314 510 443 570 vertere
457 506 579 584 undas,
593 508 771 592 tonsisque
785 510 952 575 secabant
1010 548 1018 559 ·

140 614 328 679 Excussis:
351 615 457 680 fluctu
471 618 677 701 spumabant
690 620 818 685 carnrla
831 638 932 686 cano.

141 724 331 790 Innumerae
346 727 472 809 pariter
486 727 648 792 tolluntur
662 729 707 792 ad
718 729 846 795 {ethera
858 748 978 795 voces.

142 836 220 902 Nec
231 837 305 922 jam
318 857 487 902 remorum
502 839 646 916 sonitus,
662 840 843 922 clangorvc
857 840 1019 907 tubarum

141 946 262 1012 Audiri
277 952 453 1031 poterant:
476 946 651 1014 hominum
666 951 815 1015 clamore
829 955 1050 1034 premuntur:

142 1057 211 1122 Sed
225 1042 350 1134 remos,
365 1077 539 1141 vocesque
554 1057 728 1122 hominum
742 1059 958 1144 sonitumque
970 1061 1140 1127 tubarum

141 1167 356 1233 Bacchantes
371 1168 475 1244 venti,
492 1156 780 1253 tempestatesque
795 1188 930 1235 sonorae

1 1263 2 1274 ¹
143 1277 353 1363 Exuperant.
376 1277 501 1341 nimbis
515 1278 640 1361 paritor
650 1278 847 1364 jaculisque
860 1279 982 1345 diuma
1077 1328 1082 1335 -

144 1388 223 1453 Lux
237 1390 348 1473 periit,
364 1388 480 1452 densis
495 1394 530 1453 et
543 1388 709 1454 inhorruit
721 1391 814 1455 unda
827 1390 990 1471 tenebris,
1095 1432 1110 1445 -

142 1498 233 1564 Tum
246 1505 357 1563 rostra
369 1497 461 1561 haud
477 1496 561 1562 visis
576 1504 761 1564 sonuerunt
774 1501 879 1566 obvia
890 1498 1023 1567 rostris.

145 1608 337 1676 Occurrunt
351 1610 429 1674 aliae
445 1611 585 1694 proprio
601 1612 780 1677 conamine
792 1632 921 1679 naves:

145 1721 317 1788 Hostibus
332 1721 500 1805 objiciunt
514 1721 601 1787 alias
617 1723 745 1805 agitata
757 1722 920 1806 procellis
1041 1746 1060 1805 ᾖ
1119 1748 1126 1757 ·

142 1833 309 1916 AEquora,
325 1838 359 1896 et
373 1831 498 1897 invitas
512 1832 629 1897 forsan
644 1853 846 1899 concurrere
859 1839 999 1919 cogunt.
1034 1904 1038 1913 ,

107 1920 112 1933 ’
145 1941 305 2009 Naribus
319 1942 450 2009 elidunt
463 1960 582 2019 nares,
597 1942 839 2026 hominumque
853 1942 959 2009 furori
1071 1992 1075 1999 .

144 2052 293 2118 Additur
306 2053 358 2117 ira
371 2053 486 2116 maris.
510 2057 654 2119 cunctos
668 2052 839 2137 geminata
851 2053 994 2137 pericla,

146 2165 409 2248 Dissimilesque
423 2168 534 2228 metus
548 2169 669 2247 urgent
682 2163 828 2249 caligine
843 2168 950 2229 tanta.

146 2275 239 2341 Dum
253 2279 406 2360 pugnant
420 2274 491 2353 alii,
507 2274 622 2357 pelagi
636 2275 762 2339 sarcire
777 2275 894 2341 ruinas

146 2384 364 2451 contendunt
378 2384 450 2461 alii,
466 2389 501 2448 et
514 2383 710 2467 propiorem
724 2374 875 2451 avertere
888 2388 1044 2451 mortem.

147 2496 224 2563 Nec
235 2496 309 2581 jam
323 2498 515 2580 pugnantes
530 2514 593 2578 pro
609 2492 745 2569 Caesare
760 2495 887 2561 Didius
900 2494 1018 2561 audax

147 2607 289 2672 Hortari
303 2609 449 2690 poterat,
464 2624 529 2669 neo
548 2604 585 2668 in
599 2605 716 2671 ordine
730 2610 860 2672 vertere
876 2607 1046 2675 classem:

147 2717 231 2783 Non
245 2715 470 2801 Pompeianis
484 2712 599 2779 Varus
613 2715 776 2781 mandata
788 2716 927 2783 valebat

148 2826 319 2892 Militibus
340 2826 443 2891 dare:
460 2844 530 2899 ‚nec
545 2844 650 2890 voces
665 2826 779 2911 fragor
793 2827 944 2913 aequoris
956 2827 1049 2893 ullas

147 2939 171 3005 J
173 2959 229 3005 arn
244 2940 324 3004 sinit
339 2937 467 3019 audiri;
488 2937 611 3016 ventis,
625 2937 765 3024 fatoque
779 2940 975 3027 relinquunt

148 3051 285 3129 Omnia,
302 3057 336 3116 et
350 3049 660 3115 attonitas‘classes
675 3049 828 3115 Fortuna
839 3049 996 3134 rogabat·

148 3164 276 3231 Praelia
290 3144 515 3229 committens.
537 3165 649 3225 rostro
663 3158 823 3242 perfossa
836 3159 955 3233 carina
1002 3166 1005 3171 '

148 3277 322 3355 Subsidet‚
337 3279 372 3338 et
385 3273 493 3337 fatum
507 3269 619 3334 nescit
633 3268 691 3333 cui
706 3268 840 3349 debeat,
853 3269 959 3349 hosti,
1013 3340 1017 3347 ,
1067 3326 1070 3331 ,

148 3386 206 3453 An
219 3382 426 3470 tempestati.
443 3400 508 3445 nec
523 3379 600 3444 sola
613 3378 806 3463 fragoribus
819 3380 913 3445 auris

147 3500 325 3564 Terretur:
350 3493 412 3560 sed
426 3513 498 3557 nox
513 3488 624 3556 oculis
640 3489 822 3557 obducitur
835 3496 920 3559 atra.
993 3520 996 3525 ·
1187 3548 1194 3557 .
1233 3532 1250 3569 :·
1269 3526 1276 3539 ·

149 3608 228 3674 Nec
242 3613 357 3673 tamen
371 3610 424 3670 est
438 3603 622 3668 tenebrosa
635 3600 741 3667 satis:
764 3601 827 3667 sed
839 3602 970 3669 tristius
983 3601 1055 3671 illis
1097 3642 1102 3649 -
1125 3624 1130 3633 ·
1203 3670 1206 3675 ,
1232 3656 1248 3679 ,.

150 3718 311 3784 Exoritur
326 3717 441 3781 lumen
454 3713 616 3791 tenebris
632 3716 666 3777 ct
679 3712 814 3799 fulgura
827 3720 935 3799 ponto
1114 3796 1122 3807 ἱ
1183 3750 1203 3811 3·
1228 3764 1234 3809 ·.
1242 3776 1246 3787 ,

152 3828 282 3895 Crebra
293 3827 432 3904 micant,
449 3824 606 3907 lucisque
619 3841 801 3907 reposcere
814 3845 919 3911 regna
931 3824 1102 3895 videntur.
1153 3864 1159 3871 ·
1234 3860 1247 3893 .-

153 3941 269 4022 Quam
284 3940 345 4005 Sol
360 3959 430 4005 non
444 3937 557 4022 potuit
571 3935 746 4021 depellunt
758 3935 894 4021 fulgura
908 3934 1060 4017 nostem,
1129 3972 1135 3983 ·
1197 3996 1208 4009 .
1244 3976 1253 4005 -.

152 4054 231 4121 Illic
247 4053 328 4119 dum
341 4050 482 4117 tumidis
497 4048 584 4114 forte
600 4052 815 4133 oppugnatur
829 4047 867 4113 in
880 4046 981 4113 undis

151 4165 367 4250 Pompeiana
380 4162 475 4239 ratis
490 4180 554 4225 nec
570 4179 608 4225 se
624 4157 805 4224 defendere
820 4162 941 4245 contra
962 4222 965 4229 ,
1084 4196 1093 4205 ··
1180 4194 1201 4255 '-

152 4277 310 4343 Hostiles
324 4276 418 4343 valet
431 4275 600 4352 incursus,
616 4276 651 4337 et
665 4275 769 4356 capta
782 4268 927 4347 videtur,
1001 4332 1004 4337 .
1082 4316 1085 4323 -

155 4387 326 4455 Vandicat
339 4388 462 4454 iratum
477 4386 620 4470 polagus
636 4380 722 4448 sibi:
744 4379 1022 4481 gurgitapinua,¹
1111 4446 1140 4499 ἰ.
1173 4458 1176 4465 Ι
1198 4422 1203 4433 .
