2784 4860
144 338 214 408 aaa
449 323 945 406 surrrrruuuu'rurr

146 512 299 578 Perdidit
312 512 433 578 infelix
448 512 653 598 Pompeium
666 512 723 577 bic
737 530 853 589 casus,
868 514 903 575 et
917 528 1024 575 omne

146 624 294 689 Mutavit
307 624 388 688 belli
403 624 521 689 fatum.
544 642 608 708 pro
622 624 761 689 Caesare
776 623 885 688 falsus

146 734 180 799 It
193 735 305 812 timor,
318 739 353 799 et
366 735 499 799 cunctis
515 734 687 800 Labienus
701 739 796 815 terga
810 732 959 801 dedisse

145 843 320 924 Creditur3
341 845 403 908 illa
417 862 499 909 sune
514 844 664 909 debellat
677 845 807 928 opinio,
823 862 990 927 spemque

145 952 314 1018 Caesareis
330 958 434 1019 creat.
456 972 602 1018 errorem
615 960 813 1031 monstrare,
828 959 1001 1021 metumve

143 1064 291 1129 Tantum
305 1066 456 1130 inhibere
471 1066 585 1131 studet
598 1066 722 1132 frustra
736 1066 946 1152 Pompeius3
968 1068 1106 1134 acerbo
1125 1112 1128 1117 -

144 1176 287 1242 Prodita
301 1178 434 1261 diffugit
448 1194 532 1242 casu
545 1178 739 1243 miseranda
749 1180 923 1264 juventus.

187 1286 313 1352 Infelix
327 1287 441 1352 Varus
456 1289 557 1352 toties
572 1288 728 1354 devictus
744 1291 789 1354 ab
804 1290 906 1355 armis

144 1395 324 1477 Caesareis,
341 1416 442 1482 quem
455 1404 507 1463 tot
520 1418 583 1482 per
596 1399 713 1465 clades
727 1401 807 1464 fata·
816 1400 987 1479 tulissent,

142 1510 166 1575 J
167 1528 223 1574 am
236 1511 325 1574 male
342 1514 511 1575 servatam
527 1510 668 1594 cupiens
684 1512 885 1594 abrumpere
899 1511 1009 1576 vitum·

144 1621 245 1686 Irruit
258 1622 294 1684 in
309 1621 441 1685 medios
458 1640 569 1699 enses,
583 1620 621 1684 'in
634 1622 890 1687 vulneralaetus
919 1656 922 1661 ·

144 1731 242 1798 Mille
256 1733 322 1797 ruit
335 1732 483 1797 moriens
495 1753 504 1814 ;
526 1736 607 1817 post
621 1738 672 1798 tot
686 1732 871 1799 certamina
885 1734 978 1799 cludi

144 1842 239 1908 Huic
255 1862 434 1926 superesse
448 1844 566 1928 pudet,
583 1847 787 1929 cumuloque
803 1846 924 1910 deesse
936 1846 1104 1913 urorum.

186 1951 235 2017 At
248 1954 350 2017 miser
364 1958 402 2017 ut
411 1954 493 2018 tetis
506 1954 642 2019 rediens
657 1956 831 2022 Labienus
844 1956 882 2022 in
896 1956 988 2023 aruis

144 2065 431 2148 Pompeianorum
444 2065 531 2131 vidit
544 2067 708 2149 fugientia
723 2066 832 2150 signa,

144 2175 367 2260 Erroremque
382 2176 483 2241 simul
497 2178 637 2243 fatalem
652 2180 839 2257 audiverat,
855 2198 973 2244 amens

144 2287 204 2352 Me
219 2289 379 2353 miserum
393 2289 582 2354 exclamat!
604 2295 720 2368 tantae,
735 2290 882 2367 fortuma,
896 2289 1005 2354 ruinae

144 2398 204 2463 Me
219 2399 307 2463 facis
319 2399 518 2464 authoreml
540 2420 602 2483 per
615 2419 669 2464 me
685 2402 845 2466 crudelia
852 2400 925 2466 fata

143 2510 335 2576 Ausoniam
350 2510 532 2593 subigrmtl
554 2511 620 2576 hac
634 2512 699 2577 hac
713 2514 792 2597 fuge
807 2512 941 2598 prodite
960 2512 1077 2592 miles,

145 2622 225 2688 Hoc
242 2624 337 2705 aperi
352 2627 485 2706 pectuS,
499 2623 696 2708 tristemque
710 2626 877 2691 ulciscere
892 2624 1048 2690 cladem:

143 2733 214 2799 Aut
227 2754 350 2818 poenas
366 2739 498 2798 sument
512 2754 575 2817 pro
589 2735 689 2799 vobis
705 2734 853 2800 Caesaris
873 2754 986 2801 enses.
1014 2772 1017 2777 ·

142 2845 231 2909 Tum
245 2864 338 2920 vero,
354 2848 391 2908 ut
405 2844 478 2909 Leo
494 2843 628 2908 Getulis
642 2846 678 2908 in
693 2848 837 2912 saltibus
852 2846 987 2926 ardeus,

143 2955 214 3034 Qui
227 2960 426 3020 venatorum
439 2955 518 3019 telis
535 2956 758 3036 cingentibus,
773 2958 862 3021 ultre

142 3065 265 3132 Assilit
279 3068 314 3130 in
328 3066 463 3143 ferrum,
479 3086 556 3131 sese
571 3066 692 3148 ingerit
705 3068 781 3151 ipse
794 3066 946 3152 periclis,

142 3180 187 3244 Et
201 3180 325 3264 cupide
340 3179 444 3243 letum
460 3178 574 3262 gladio
589 3178 726 3242 molitur
740 3178 784 3242 ab
800 3178 904 3242 omni.

141 3290 294 3354 Tandem
309 3291 381 3355 vita
395 3289 482 3370 fugit
496 3288 633 3371 Stygias
647 3290 735 3354 irata
749 3291 813 3354 sub
827 3290 975 3357 umbras.

183 3404 207 3467 J
209 3423 263 3468 am
278 3402 399 3484 stragis
416 3400 582 3477 cumulos,
599 3405 634 3464 et
652 3400 870 3465 ineluctabile
884 3400 1047 3467 damnum

141 3512 286 3577 Viderat
299 3511 419 3576 infelix
434 3512 564 3576 tumulo
580 3510 768 3594 Pompeius
784 3513 828 3576 ab
843 3514 926 3590 alto,

141 3623 186 3687 Et
200 3623 355 3706 quamvis
370 3624 483 3686 lucem
498 3621 646 3699 danmat,
663 3642 799 3705 sperare
810 3625 974 3709 juventus

141 3734 277 3816 Integra
291 3734 493 3818 persuadet3
514 3733 765 3816 necquicquam
780 3752 802 3797 a
815 3732 969 3798 tristibus
985 3732 1080 3801 urvis

139 3844 293 3928 Aufugit,
309 3847 375 3910 heu
390 3852 479 3910 terra
494 3845 608 3909 statim
622 3844 803 3909 moriturus
816 3846 854 3908 in
867 3846 945 3909 ista.

141 3956 210 4022 Sed
224 3957 359 4022 fratrem
375 3957 554 4040 Hispanas
570 3955 781 4019 abscondent
795 3954 867 4019 fata
881 3974 944 4040 per
957 3956 1074 4036 urbes,

139 4068 289 4134 Caesaris
304 4074 342 4134 ut
356 4069 469 4153 possit
482 4072 563 4151 post
576 4071 718 4131 mortem
732 4066 843 4131 tristia
855 4084 973 4132 rursus

139 4179 249 4258 Bella,
266 4186 300 4244 et
314 4180 492 4244 Romanos
509 4179 591 4242 clim
604 4196 768 4242 renovare
783 4176 925 4243 fureres.

182 4289 296 4374 Impia
306 4290 380 4375 jam
395 4288 511 4352 caedes
527 4289 643 4366 oritur,
657 4289 857 4373 passimque
871 4308 934 4373 per
948 4306 1050 4373 agros

138 4398 302 4466 Palantes
317 4399 455 4467 caedunt
467 4400 590 4466 insane
605 4398 725 4466 ardore
740 4398 890 4465 furentes
