2784 4860
178 365 222 430 16
461 363 511 429 Μ.
547 362 745 430 ANNAEI
790 361 1002 431 LUCANI

180 537 276 603 Cana
286 535 390 619 jugis,
413 536 569 620 latosque
589 537 683 619 AEmi
703 538 766 601 sub
783 555 866 620 rupe
888 534 1081 618 Philippos.
1125 553 1128 561 “
1182 549 1200 579 ·,
1216 534 1282 601 688

95 649 104 667 ⁸
181 647 269 726 Quis
289 646 381 710 furor
401 645 468 722 hie,
491 666 512 711 ο
532 645 676 722 Phoebe,
703 647 807 711 doce:
829 645 1006 729 queetela,
1027 660 1216 728 manusque

180 756 347 822 Romanae
361 755 505 822 miscent
519 757 623 833 acies
647 757 840 840 bellumque
861 757 934 821 sine
953 756 1051 820 hoste
1073 756 1153 820 estl

179 866 261 947 Quo
277 867 411 932 diversa
431 867 544 941 ferorl
563 868 701 952 primos
720 889 774 933 me
790 868 893 938 ducis
915 869 950 933 in
971 873 1076 944 ortus,
1127 890 1135 905 ·

177 979 262 1059 Qua
280 999 372 1044 mare
387 956 505 1062 Lagaei
519 983 666 1044 mutatur
679 980 807 1062 gurgite
829 978 916 1045 Nilia

180 1091 284 1156 Hunc
299 1110 375 1172 ego,
395 1088 555 1157 fluminea
573 1090 733 1157 deformis
754 1095 892 1157 truncus
909 1109 1012 1154 arena
1213 1088 1281 1154 886

181 1200 251 1280 Qui
260 1201 366 1285 jacet,
389 1218 561 1282 agnosco:
587 1200 725 1272 dubiam
745 1221 848 1283 super
869 1219 1010 1283 aequora
1024 1199 1161 1282 Syrtim,

179 1312 405 1403 Arentemque
422 1312 511 1376 seror
532 1311 674 1394 Libyen,
696 1324 765 1395 quo
786 1312 892 1375 tristis
907 1311 1052 1393 Erinnys

177 1423 364 1487 Transtulit
378 1421 552 1488 Emathias
568 1423 672 1486 acies.
693 1443 783 1487 nunc
800 1423 946 1505 desuper
960 1420 1062 1503 Alpis

176 1531 355 1597 Nubiferae
372 1533 489 1609 colles,
511 1540 612 1617 atque
629 1535 754 1598 aeriam
770 1533 927 1616 Pyrenen

177 1641 384 1725 Abripimur.
400 1643 519 1723 patriae
537 1643 636 1707 sedes
651 1664 839 1708 remeamus
854 1644 1019 1706 inurbis:
1212 1641 1279 1706 690

177 1751 357 1835 Impiaque
372 1753 408 1815 in
427 1753 540 1817 medio
561 1760 765 1841 peragtmtur
779 1755 871 1818 bella
886 1759 1017 1818 senatu.

177 1861 391 1944 Consurgunt
399 1869 519 1947 partes
534 1866 665 1941 iterum,
692 1871 866 1949 totumque
882 1885 943 1948 per
958 1866 1074 1928 orbem

179 1973 311 2038 Rursus
327 1995 380 2038 eo.
402 1995 493 2039 nova
508 1976 553 2040 da
567 1977 649 2040 mihi
665 1996 798 2041 cernere
820 1978 934 2041 littora
952 1977 1062 2058 ponti,

211 2125 257 2170 681
275 2121 384 2168 meoPh.
475 2125 586 2183 '681qea
686 2127 733 2170 681
750 2125 873 2184 minusque,
895 2123 979 2168 Sabell.
1078 2125 1127 2170 684
1138 2121 1189 2176 Quo
1200 2138 1244 2170 me.

177 2201 226 2246 686
242 2198 324 2251 dubie,
336 2197 416 2259 Syrtis.
440 2267 442 2270 Ι
460 2202 508 2247 686
520 2215 613 2260 equore.
645 2268 646 2271 Ἴ
658 2203 706 2247 687
716 2201 887 2275 Ardentemque.
949 2201 997 2246 689
1008 2213 1068 2259 eque
1079 2200 1207 2260 aeriamque
1218 2199 1276 2262 Pyr.

257 2280 260 2285 '
284 2274 333 2321 690
350 2275 490 2335 Arripimnr.
599 2279 648 2322 691*
661 2283 805 2340 pungantur.
903 2276 1051 2325 698'iteram
1060 2282 1144 2335 portes.

176 2413 239 2474 lippi.
257 2410 327 2458 Ovid.
348 2414 386 2459 15.
410 2412 469 2460 Met.
491 2412 612 2459 Pharsalia
629 2414 712 2460 'sentiet
738 2413 885 2464 aPtolomoeo
906 2414 979 2474 lngo,
995 2415 1070 2473 primo
1087 2415 1276 2476 regeAEgyptio-

173 2477 248 2534 illum,
267 2475 418 2537 AEmuthiiqne
428 2479 511 2523 iterum
521 2477 642 2539 madefient
652 2480 713 2525 cede
736 2495 794 2532 rum,
811 2486 865 2538 post
876 2478 1003 2525 Alexandri
1015 2486 1118 2526 mortem.

177 2541 285 2604 Philippi.
303 2548 326 2587 et
338 2541 452 2588 Floralib.
464 2546 486 2588 4.
499 2559 549 2602 cap.
562 2546 583 2589 8.
614 2542 644 2589 Et
656 2543 711 2589 Phi·
768 2545 824 2591 685.
844 2540 983 2606 Hecaerge]
995 2544 1277 2604 Pompeium,abAehilla

176 2603 264 2668 lippieis
275 2605 366 2666 campis,
381 2607 451 2661 urbis,
462 2607 558 2667 imperii,
568 2609 658 2670 generis
669 2605 711 2654 tm‘-
733 2609 801 2668 jussu
812 2606 934 2653 Ptolomaei
946 2609 1134 2654 obtruncandum.
1151 2634 1154 2638 ·

176 2668 431 2733 menlsotocommissn
444 2679 514 2718 rente
539 2670 635 2718 Locutis
648 2673 711 2719 inte·
749 2671 824 2721 ¹686.
843 2668 942 2718 Dubiam
970 2672 1075 2736 Syrtim]
1108 2673 1274 2721 Periculosam.
1306 2698 1309 2704 ·

132 2762 137 2769 .
170 2736 221 2783 'rim
229 2737 258 2782 de
269 2749 346 2796 pugna
357 2735 489 2782 Pharsalica
507 2736 568 2784 inter
588 2737 670 2797 Pomp.
688 2744 712 2784 et
735 2736 838 2799 Syrtim]
856 2738 929 2797 Supra
941 2753 1000 2786 vers.
1008 2740 1063 2784 367.

177 2802 236 2847 ces.
254 2802 286 2846 At
303 2799 362 2847 male
380 2803 550 2850 confunduntur
568 2801 672 2862 Philippi
688 2809 713 2848 et
768 2804 824 2850 687.
851 2804 1001 2862 Arentemque
1013 2800 1082 2865 feror
1104 2799 1213 2865 Libyen]
1246 2805 1275 2850 ln

170 2864 305 2920 Pharsalia,
320 2865 388 2926 longe
403 2866 504 2927 intense
517 2862 607 2912 dissita.
642 2866 711 2926 Apud
736 2866 845 2919 Africam,
873 2881 919 2925 qno
941 2861 965 2911 s'e
989 2867 1108 2926 recipient,
1130 2867 1169 2927 qui
1190 2883 1274 2930 pagate

176 2929 311 2975 Pharsalum
321 2929 413 2988 quidem
423 2927 447 2976 iti
455 2928 572 2977 Thessalia
588 2929 664 2976 victus
676 2928 712 2976 es't
736 2927 875 2976 Pharsalica·
894 2931 1054 2990 superluerint.
1073 2930 1143 2976 Feror
1164 2931 1273 2994 Libyam]

175 2992 433 3052 PompeiusaCrcsare.
467 2995 536 3054 Apud
552 2993 712 3054 Philippnsin
737 2995 846 3056 Micyllus
868 3003 938 3048 notat,
954 2994 1039 3056 ‘poetis
1067 2996 1135 3042 valde
1161 2995 1274 3044 familiare

175 3057 371 3105 Thraciadevioti
392 3060 477 3104 Brutus
496 3066 520 3105 et
531 3059 639 3106 Cassius:
657 3075 712 3120 pos·
737 3075 797 3114 esse,
811 3059 966 3112 ,ἔλλειπτικῶς
984 3060 1069 3114 dicere,
1086 3059 1156 3123 feror
1179 3061 1274 3124 Libyen,

176 3127 213 3169 tea
223 3123 252 3169 ab
261 3122 359 3170 Antonio
369 3129 392 3167 et
404 3123 509 3169 Octavio.
737 3125 830 3188 Syrtim,
846 3140 888 3184 pro
901 3125 924 3170 in
935 3124 1032 3185 Libyen,
1048 3125 1142 3184 Syrtim.

209 3188 264 3233 681.
283 3187 339 3240 Qne
358 3187 411 3242 tric,
428 3187 571 3251 manusque]
589 3189 712 3235 Praefexam
770 3192 825 3237 688.
844 3188 915 3235 Nunc
925 3190 1020 3250 desuper
1030 3189 1101 3248 Alpis,
1119 3186 1175 3250 dre]
1193 3188 1274 3251 Expe-

172 3266 207 3298 ex
217 3250 268 3298 MS.
282 3251 405 3297 Puteanor.
586 3274 589 3281 ·
649 3266 651 3271 ·
737 3254 848 3300 ditionem
861 3253 960 3299 Caesaris
982 3261 1129 3316 perurentes
1146 3254 1272 3314 Pyrenaeos

175 3331 230 3381 Qun
244 3332 316 3384 furor
335 3331 646 3385 mc,01³nete‚mce‚qu0e
665 3334 712 3374 teta
737 3319 761 3364 in
774 3318 910 3378 Hispaniam
930 3317 1044 3378 designat,
1062 3319 1215 3379 expugnaturi
1228 3321 1273 3365 Pe·

170 3406 173 3413 ¹
226 3401 351 3442 manusque
736 3384 820 3429 treium
832 3391 856 3429 et
870 3382 996 3436 Afranium,
1012 3398 1067 3429 mox
1087 3383 1194 3442 Pompeii
1213 3383 1273 3430 lilios

175 3447 279 3489 Romame
287 3450 380 3498 miscent
388 3449 641 3503 acles,teltumqneslne
651 3452 713 3492 hoste
737 3449 766 3498 ad
778 3448 896 3493 Mundam.

226 3511 269 3547 θεῖ’
770 3510 825 3562 690.
842 3509 927 3558 Patria
944 3511 1004 3557 sedes
1015 3527 1139 3558 remeamus
1153 3513 1178 3559 in
1188 3512 1272 3576 urbia]

208 3579 263 3623 689.
282 3575 369 3638 Hoste]
387 3576 587 3626 Externo.'Hostis
596 3579 656 3640 apud
664 3595 711 3625 ma·
737 3575 817 3623 Caesar
838 3578 937 3622 Romam
953 3591 1059 3633 reversus
1079 3577 1162 3637 Remp.
1186 3577 1273 3624 consti-

171 3642 235 3700 jores
252 3643 478 3697 nostrosdicehetur,
495 3658 562 3703 quern
578 3659 711 3706 nuncpere-
736 3650 791 3689 tuet.
950 3687 953 3695 ,

173 3708 268 3769 gririrtm
278 3707 384 3755 dicimus.
402 3708 451 3754 cie.
467 3713 489 3754 1.
502 3709 548 3759 Off.
769 3710 824 3754 691.
843 3703 959 3766 Impiaque
971 3705 996 3750 in
1011 3706 1091 3761 medio,
1108 3703 1165 3768 δια]
1182 3708 1272 3754 Interii·

208 3774 263 3821 683,
283 3770 333 3823 Quo
347 3771 434 3818 diuerso
445 3762 534 3838 seron]
552 3775 579 3819 ln
600 3789 656 3833 quas
676 3774 710 3835 di-
732 3770 925 3832 *cieturCaesarin
937 3777 1023 3816 senatu.

175 3851 254 3884 versas
276 3835 339 3882 orbis
358 3844 435 3896 partes
454 3838 549 3896 rapior?
573 3837 657 3885 Primos
676 3854 710 3886 me
742 3851 744 3854 ⁴
768 3840 823 3886 698.
843 3833 988 3896 Corum-gent
997 3834 1183 3897 permitterem]
1201 3837 1272 3883 Octa·

174 3901 240 3946 ducis
258 3901 287 3946 in*
304 3900 387 3961 citos]
416 3903 542 3962 AEgyptum
559 3902 643 3957 innuit,
661 3906 710 3964 'qn'o
735 3903 786 3948 vius
805 3909 828 3947 et
846 3899 959 3945 Antonius
975 3900 1046 3946 ulturi
1062 3900 1161 3946 Caesaris
1177 3916 1272 3960 percus-

173 3965 359 4024 fugientempost
370 3966 525 4013 Pharsalicam
533 3983 633 4030 pugnam
642 3969 710 4015 Pom·
736 3983 800 4013 sores
818 3966 924 4018 Brutum,
941 3963 1053 4019 Cassium,
1071 3962 1114 4012 &a
1149 3963 1273 4028 Totumque

173 4029 252 4088 peinm
261 4030 341 4080 Caesar:
349 4039 468 4077 secuturus
476 4038 532 4081 erat.
732 4048 775 4092 per
794 4031 874 4084 orbem,
901 4027 957 4091 dra]
991 4029 1103 4086 Athenas,
1131 4032 1270 4086 Armeniam,

207 4097 262 4140 684.
282 4094 334 4148 Qua
342 4111 405 4143 mare
417 4096 503 4159 Lagei,
520 4095 576 4158 dre]
595 4099 646 4158 Qua
658 4113 710 4159 sep·
734 4091 860 4149 Parthiam,
877 4093 1012 4156 AEgfftum,
1029 4109 1111 4154 quoae
1124 4092 1222 4142 devietis
1242 4096 1271 4143 ad

173 4163 220 4204 tem
230 4158 296 4205 ostiis
312 4159 336 4205 in
347 4170 409 4207 mare
428 4155 617 4222 lap'snsdoldrem
627 4165 676 4223 ejus
684 4171 710 4210 'et
734 4161 857 4221 Philippos
867 4157 947 4204 Cassio
959 4165 983 4204 et
1000 4159 1081 4213 Bruto,
1098 4161 1186 4206 confert
1197 4160 1270 4207 Anto-

174 4238 279 4284 saporem
289 4230 363 4271 mutat
374 4225 443 4272 Nilus
459 4227 513 4272 fluv.
531 4227 628 4287 AEgypti
639 4243 710 4286 quon·
734 4227 793 4280 nias,
811 4222 894 4284 etipse
905 4229 960 4269 mox
972 4223 1001 4268 ab
1017 4223 1116 4270 Octavio
1129 4225 1272 4284 superandus

173 4289 226 4335 dem
239 4295 346 4350 regnatne
362 4291 489 4337 Ptolomaeo
508 4286 565 4351 Legi
585 4291 611 4337 F.
627 4291 669 4338 lib.
686 4295 707 4339 8.
733 4289 810 4339 navali
820 4303 898 4352 pugna
906 4288 935 4332 ad
943 4287 1042 4334 Actium.

172 4370 234 4402 vers.
247 4357 302 4404 691.
315 4353 395 4419 Lagei
406 4353 477 4418 Nun]
495 4355 548 4402 Hoc
559 4363 596 4404 est
605 4354 712 4418 AEgyptr',
767 4357 822 4407 693.
842 4352 904 4402 Nove
914 4353 946 4412 de
953 4352 1010 4399 mihi
1022 4353 1135 4421 cernere]
1153 4354 1269 4419 Concede,
