2784 4860
330 339 1111 426 sencrunu‘nnnnucrvrnrs.
1186 359 1256 428 trs

149 527 320 594 Deformis
334 528 566 595 uttanvultus
581 529 725 625 caligine
739 531 838 605 texit
969 592 971 594 ,
1037 584 1039 590 .
1104 565 1135 596 ῳ
1179 565 1201 601 ῳ

147 637 276 703 Civiles
292 641 385 704 acies
396 641 470 725 jam
483 645 555 704 tum
570 642 704 725 spirare
713 645 862 725 putares.
980 632 985 639 ’

147 749 249 814 Parte
265 752 333 815 alia
347 753 469 835 plenos
484 753 629 816 extinxit
644 751 789 835 Cynthia
803 753 929 831 vultrrs,

147 859 191 922 Et
204 861 317 926 lucem
327 864 453 927 sceleri
467 863 643 928 subduxit.
652 908 655 912 -
663 867 765 947 rupta
777 864 942 934 tonabant

146 971 460 1039 Vertieibuslassis
474 973 600 1040 montis
611 974 707 1058 juga,
721 993 786 1038 nec
800 995 890 1058 vaga
904 971 1039 1059 passim
1065 1023 1078 1038 ,,

139 1081 306 1148 'Flumina
320 1105 382 1168 per
395 1091 496 1150 notas
510 1088 606 1150 ibant
619 1086 798 1151 morientia
811 1087 916 1169 ripas.
978 1144 981 1147 .
1004 1133 1008 1146 .
1022 1143 1025 1150 .
1042 1147 1044 1152 ,

145 1192 325 1259 Armorum
341 1199 483 1280 strepitu
499 1197 625 1262 coelum
638 1197 729 1274 furit,
745 1201 779 1260 et
793 1197 876 1261 tuba
890 1194 1037 1263 Martem
1137 1258 1141 1262 Α
1219 1233 1220 1237 =

145 1303 325 1369 Sideribus
335 1307 535 1371 transmissa
550 1309 637 1385 ciet3
655 1308 796 1390 jamque
811 1302 916 1370 AEtna
928 1312 1065 1375 voratur

144 1414 287 1497 Ignibus
301 1418 460 1493 insolitis,
476 1421 511 1479 et
524 1417 560 1479 in
569 1415 701 1479 *aethera
713 1415 856 1480 fulmina
868 1417 980 1482 mittit.
1026 1469 1027 1472 η

145 1526 237 1592 Ecce
253 1530 339 1592 inter
353 1530 514 1606 tumudcs,
531 1533 634 1610 atque
649 1545 731 1591 ossa
745 1527 897 1590 carentia
909 1527 1020 1591 bustis
1078 1584 1088 1592 ..
1124 1507 1126 1512 ⁴

145 1638 348 1704 Umbrarum
362 1639 470 1703 facies
483 1640 560 1702 diro
576 1636 718 1701 stridore
731 1638 889 1703 minnan.
1082 1628 1088 1635 ’

145 1749 221 1814 Fax
237 1751 345 1813 stellis
361 1750 523 1814 comitata
536 1748 636 1814 novis
651 1749 810 1813 incendia
824 1748 941 1830 ducit;
1008 1804 1010 1808 ,

143 1859 406 1944 sanguineoque
420 1879 540 1924 recens
556 1860 733 1925 deseendit
746 1860 884 1943 Jupiter
898 1860 1016 1926 imbre.
1118 1923 1120 1926 ,
1134 1920 1135 1924 ,

144 1969 234 2034 Haec
250 1974 384 2034 ostenta
398 1971 494 2035 brevi
509 1971 612 2035 solvit
626 1972 735 2036 Deus.
758 1970 865 2036 Exuit
879 1990 997 2036 omnes

144 2079 284 2165 Quippe
299 2066 412 2144 moras
429 2079 558 2158 Caesar,
573 2081 804 2167 vindictaeque
818 2087 1045 2153 actusramore
1122 2141 1123 2144 ,

143 2192 281 2258 Gallica
295 2193 452 2277 projecit,
469 2193 584 2257 civilia
598 2195 736 2259 sustulit
755 2215 859 2260 arma.

139 2304 292 2388 Alpibus
310 2306 422 2382 aeriis,
438 2306 499 2369 ubi
513 2304 619 2370 Graio
634 2307 781 2386 nomine,
796 2308 908 2392 pulsae
935 2339 942 2351 =

139 2412 366 2484 Descendunt
379 2436 493 2500 rupes,
506 2420 543 2480 et
557 2436 595 2482 se
610 2419 783 2503 patiuntur
797 2418 895 2496 adiri,

142 2528 206 2592 Est
219 2529 318 2592 locus
334 2528 518 2592 Herculeis
533 2530 601 2593 aris
617 2547 724 2595 sacer.
739 2530 829 2594 hunc
844 2529 922 2595 nive
939 2528 1024 2595 dura

142 2637 280 2703 Claudit
293 2626 413 2715 hiems,
430 2651 585 2723 canoque
601 2640 645 2704 ad
660 2634 773 2704 sidera
787 2641 912 2706 vertice
926 2642 1026 2706 tollit.

139 2746 278 2813 coelum
292 2748 387 2812 illinc
403 2749 572 2815 cecidisse
586 2757 698 2835 putes.
720 2771 790 2815 non
804 2751 889 2816 solis
904 2751 1012 2818 adulti

142 2860 360 2925 Mansuescit
369 2861 487 2939 radiis,
502 2882 572 2928 non
585 2863 680 2930 verni
693 2862 857 2946 temporis
873 2882 975 2932 aura:
1002 2912 1004 2917 ,
1058 2896 1061 2903 ·
1137 2933 1140 2938 ,
1274 2888 1277 2894 ·

143 2971 212 3036 Sed
228 2972 338 3053 glacie
355 2978 515 3035 concreta
527 2975 652 3053 rigens,
666 2972 855 3058 hiemisque
869 2973 1010 3057 pruinis
1135 3008 1137 3011 ·

141 3083 267 3147 Totum
281 3081 366 3146 ferre
381 3085 496 3165 potest
508 3081 659 3145 humeris
672 3082 879 3149 minantibus
895 3081 1021 3147 orbem.
1059 3136 1061 3139 .

143 3193 233 3258 Haec
249 3193 308 3256 ubi
323 3194 471 3257 calcavit
487 3191 605 3258 Caesar
614 3193 701 3278 juga
714 3194 820 3258 milite
834 3194 928 3269 laeto,
1038 3246 1041 3250 .

143 3303 351 3389 Optavitque
366 3303 492 3380 lecum,
509 3320 641 3367 summo
657 3302 699 3366 de
714 3303 840 3367 vertice
853 3304 980 3369 montis

143 3415 324 3498 Hesperiae
341 3432 483 3497 campos
497 3413 566 3477 late
580 3414 770 3497 prospexit,
786 3418 820 3478 et
834 3414 953 3478 ambas

141 3528 317 3615 intentans
333 3537 411 3591 cum
425 3544 513 3590 voce
527 3537 648 3589 manus
664 3524 709 3590 ed
723 3525 846 3603 sidera,
862 3525 968 3589 dixit:

141 3639 277 3722 Jupiter
292 3637 519 3721 omnipotens,
535 3642 569 3702 et
583 3641 619 3701 tu
636 3636 794 3701 Satumia
808 3636 938 3713 Tellus

141 3749 255 3818 Amris
271 3750 352 3813 laeta
364 3748 462 3825 meis,
478 3748 628 3832 olimque
642 3752 782 3813 onerata
794 3747 992 3831 triumphis:
1097 3789 1100 3797 -

142 3862 266 3927 Testor
280 3861 324 3925 ad
338 3861 401 3925 has
417 3861 510 3926 acies
524 3860 667 3927 invitum
682 3877 854 3926 arcessere
869 3857 1035 3939 Martem

142 3972 274 4041 lautas
288 3991 343 4037 me
357 3971 442 4036 ferre
457 3971 680 4038 manustsed
694 3971 833 4036 vulnere
848 3989 983 4052 cogent
1062 4018 1063 4021 η
1142 4019 1144 4022 >
1207 4020 1210 4027 ,

143 4083 271 4148 Pulsus
286 4084 330 4148 ab
345 4083 428 4147 urbe
442 4101 530 4163 mea,
545 4083 632 4149 dum
641 4082 800 4150 Rhenum
814 4082 983 4165 sanguine
992 4082 1094 4150 vinco
1101 4098 1113 4165 3⁴
1153 4133 1157 4136 ⁴
1180 4131 1183 4135 .
1217 4138 1220 4141 .

144 4195 236 4261 Dum
250 4195 373 4261 Gallos
387 4197 508 4262 iterum
522 4194 696 4282 Capitolia
708 4199 826 4260 nostra
839 4198 993 4278 petentes

142 4307 292 4397 Alpibus
308 4308 472 4377 excludo:
494 4293 927 4387 vincendctcertiorexul:
