2784 4860
359 330 580 431 etvrnrs
624 326 1073 404 summurn.
1200 333 1267 415 sos

165 504 256 578 Haee
273 517 306 577 et
321 511 414 598 apud
436 531 530 578 seras
550 516 678 596 gentes,
693 511 911 596 populosque
925 517 1100 595 nepotum,

144 623 244 706 iTSive
260 642 324 687 sua
339 628 469 690 tantum
482 623 669 708 venientin
684 622 920 700 seculafama,
1162 690 1166 697 ,

140 710 146 823 3³
161 732 242 797 Sive
259 733 389 815 aliquid
403 732 535 815 magnis
549 732 656 796 nostri
671 750 808 814 quoque
824 750 906 796 cura
919 730 1061 797 laboris
1159 721 1175 755 ³*
1191 718 1227 742 ’
1242 713 1254 731 i

124 867 140 934 ἢ·
160 841 367 905 Nominibus
389 843 551 925 prodesse
571 847 703 925 potest:
727 861 805 906 cum
819 842 911 906 bella
924 843 1088 924 legentur,
1196 841 1265 916 210

134 940 143 1029 ᾏ
161 951 317 1035 Spesque
332 958 509 1036 metusque
522 954 634 1031 simul,
649 954 866 1037 perituraque
885 954 968 1020 vota
980 954 1185 1019 movebuntr
1257 964 1279 1029 ζ,
1349 1030 1352 1037 ,

141 1042 510 1145 ⁸Attonitiqueomnes
525 1063 630 1128 veluti
644 1064 814 1145 venientia
827 1063 910 1139 sata,
1274 1062 1280 1080 '
1343 1054 1348 1065 ’

160 1172 243 1238 Non
253 1175 453 1238 transmissa
466 1175 588 1256 legent,
600 1154 639 1238 et
653 1173 764 1238 adhue
779 1173 852 1251 tibi,
870 1172 1008 1255 Magne,
1023 1173 1196 1239 favebunt.
1244 1188 1247 1195 ·

204 1283 307 1346 Miles
323 1288 360 1347 ut
376 1284 518 1348 adverso
535 1283 659 1348 Phoebi
680 1283 831 1369 radiatus
847 1285 891 1348 ab
905 1284 978 1348 iotu

159 1391 381 1458 Descendens
396 1399 487 1459 totos
507 1393 656 1488 perfudit
669 1394 795 1459 lumine
811 1395 930 1470 colles,
1194 1386 1261 1485 210

158 1501 241 1566 Non
261 1507 386 1568 temere
402 1505 574 1569 immissus
591 1505 743 1587 campis:
766 1505 858 1569 stetit
879 1504 996 1568 ordine
1017 1509 1110 1570 certo

159 1613 286 1678 Infelix
308 1616 413 1679 acies.
437 1635 560 1679 cornus
574 1616 637 1680 tibi
658 1635 741 1680 cura
755 1615 883 1680 sinistri

158 1723 311 1803 Lentule,
327 1745 404 1789 eum
419 1727 540 1809 prima,
557 1746 635 1809 quae
650 1731 722 1790 tum
736 1726 801 1789 fuit
815 1725 946 1808 optima
958 1725 1063 1803 bello,

156 1834 202 1899 Et
216 1840 336 1918 quarta
356 1836 501 1918 legione,
525 1837 640 1901 datur:
662 1836 725 1901 tibi
738 1835 875 1899 numine
890 1855 1031 1919 pugnax

155 1943 325 2022 Adverso,
348 1947 490 2023 Domiti,
513 1947 622 2012 dextri
642 1943 1019 2011 froustraditaMartis.
1132 1968 1135 1970 ’
1190 1945 1257 2012 220

155 2054 204 2118 At
223 2057 327 2121 medii
341 2057 443 2121 robur
460 2057 543 2121 belli
563 2056 749 2121 fortissima
763 2055 906 2133 densant

156 2217 205 2265 207
221 2224 314 2277 nepotes.
424 2215 473 2265 210
490 2216 544 2262 dum
555 2214 612 2264 bellu
623 2215 738 2278 leguntur,
755 2214 809 2262 dum
819 2215 840 2262 b.
849 2222 966 2280 gerentur.
1053 2187 1122 2264 '214
1136 2188 1256 2265 1101111111.
1303 2220 1308 2230 ’

323 2279 512 2343 2151171111.
643 2284 690 2331 216
707 2279 755 2326 Nec
765 2288 815 2328 tem.
844 2298 847 2302 ⁴
946 2281 1087 2330 2171111.

404 2348 452 2394 218
468 2352 529 2392 tuno.
627 2347 675 2394 ste
691 2343 749 2392 betti.
848 2346 896 2395 220
912 2345 994 2393 detta

187 2498 242 2542 207.
261 2493 318 2542 Haec
334 2504 356 2542 et
375 2497 445 2557 apud,
462 2495 518 2560 811]
536 2497 611 2558 Atque
628 2497 690 2543 bellu
715 2496 761 2541 but.
780 2494 876 2544 lamias
883 2497 971 2559 111111]
988 2497 1111 2544 Armorum
1120 2495 1217 2560 fulgore.

153 2560 204 2605 lrsee
222 2560 261 2605 ubi
276 2562 363 2619 posteri
380 2562 511 2622 acceperint
526 2563 564 2608 vel
581 2563 688 2608 famavel
755 2563 811 2607 216.
839 2559 893 2608 Non
915 2570 995 2608 temes
1018 2563 1125 2609 immissus
1148 2557 1254 2625 comptu]

152 2639 182 2670 ex
195 2626 342 2671 historiarum
352 2627 505 2682 monimentis,
516 2625 689 2673 carminisiorts
715 2624 844 2672 Prudenter
860 2633 884 2672 et
900 2625 987 2686 optimo
1003 2627 1100 2674 oonsilio
1115 2627 1249 2674 instruetus.

152 2689 222 2749 hujus
231 2691 277 2735 mei
286 2690 373 2744 labore,
386 2690 406 2735 si
416 2691 485 2737 modo
493 2691 513 2736 is
525 2691 555 2737 sit
563 2690 602 2752 qui
612 2690 688 2737 vituli·
714 2688 807 2750 Quippe
821 2688 879 2736 nihil
897 2697 985 2753 temere
1002 2691 1105 2752 fauturus
1122 2691 1252 2752 Pompeius

151 2760 222 2799 tatem
228 2762 355 2801 merentur:
365 2756 427 2802 varie
436 2754 568 2810 efficientur,
578 2770 619 2814 spe
628 2757 688 2801 bons
713 2752 842 2801 videbatur.
861 2752 958 2815 Appios.

152 2812 296 2880 solicitisque
312 2820 373 2866 votis
389 2817 437 2882 (sat
454 2819 515 2883 seio)
532 2819 644 2879 Pompeio
655 2821 687 2866 ls-
745 2819 801 2866 217.
817 2816 901 2892 1191111
921 2817 999 2880 scies]
1025 2817 1110 2880 iniquo
1130 2821 1178 2866 1111
1196 2833 1248 2867 oss*

151 2884 246 2928 vebunt.
280 2885 364 2944 Neque
383 2885 444 2931 enim
463 2885 540 2945 legent
564 2883 687 2931 audiuntve
713 2894 774 2938 stirs,
791 2888 814 2928 et
824 2883 943 2929 vruoends.
963 2882 1098 2946 Gommtidi
1108 2900 1171 2941 eura,
1187 2883 1247 2949 dra]

151 2953 260 3006 tunquam
276 2955 389 2996 transacta
406 2956 430 2996 et
440 2949 566 3009 praeterita,
582 2949 623 2995 sed
634 2963 687 2996 oum
712 2945 809 2993 Lentulo
830 2945 924 3008 quidem
949 2947 1063 3009 dextrum,
1076 2964 1152 2997 cornu
1167 2948 1249 2996 tribuit

149 3011 228 3058 studio
248 3020 273 3059 at
292 3013 375 3060 affeetu
395 3019 502 3075 tunquam
525 3013 648 3074 praesentis
662 3020 687 3060 et
711 3011 839 3072 Appianus,
855 3013 918 3072 quod
929 3011 1042 3074 Pompeio
1054 3012 1249 3068 Pluuioluqnu

149 3083 268 3123 eventura.
711 3074 829 3122 sinistrum
846 3076 959 3124 Domitio.
992 3079 1071 3125 esser
1085 3084 1163 3125 sutem
1175 3078 1248 3125 refert

185 3143 241 3187 208.
257 3140 383 3205 Srrofumu,
400 3141 456 3204 dra]
473 3144 532 3203 Ques
542 3138 621 3188 multis
631 3149 687 3202 post
711 3139 849 3201 Pompeium
866 3141 988 3203 prefuisse
1010 3141 1104 3189 sinistro
1125 3157 1205 3199 eomu,
1220 3141 1247 3188 in

150 3205 243 3250 suculis
260 3208 283 3253 in
302 3209 371 3253 rebus
391 3208 495 3254 humanis
516 3213 590 3264 erunt,
611 3213 634 3254 et
655 3208 686 3254 sd
711 3219 756 3264 quo
767 3212 831 3253 erunt
840 3206 944 3268 legiones
961 3207 1021 3263 duae,
1038 3206 1118 3253 Prima
1134 3213 1159 3254 st
1167 3206 1248 3254 'l'srtis
1344 3202 1353 3221 ¹

149 3270 307 3328 posteritatem
320 3273 380 3318 sams
391 3273 458 3333 hujus
468 3286 552 3332 pugne
567 3287 595 3318 so
610 3271 684 3319 aludis
710 3270 755 3315 sub
764 3270 832 3316 initio
852 3268 1001 3319 dissensionis
1020 3286 1034 3316 1
1052 3271 1143 3318 cesus
1153 3260 1246 3319 tradita

149 3336 277 3392 perveniet
295 3335 400 3384 Hortens.
710 3347 741 3379 ex
751 3337 774 3380 S.
788 3334 815 3381 G.
825 3335 894 3393 Quod
903 3333 1051 3382 verisimilius
1058 3341 1102 3390 est,
1110 3344 1137 3382 ut
1146 3328 1245 3398 vttidie

183 3403 238 3447 211.
256 3400 365 3447 Perituro
382 3409 431 3448 vote
449 3399 584 3463 movebunt]
600 3400 683 3456 Idest,
709 3397 792 3445 simum
812 3399 929 3446 exereitus
944 3399 1110 3447 firmamentum
1130 3399 1243 3460 obiissse-

148 3462 311 3511 desideruhunt
331 3466 415 3512 frustra
439 3467 547 3521 lectores,
568 3472 594 3512 ut
614 3465 683 3512 Pom·
708 3467 747 3508 tur
755 3462 850 3520 Ouessri,
866 3463 907 3525 qui
918 3462 1003 3513 eratin
1014 3463 1098 3511 dextro
1109 3479 1179 3512 oomu
1189 3479 1244 3513 oum

147 3526 215 3587 peius
225 3530 298 3575 victor
308 3530 398 3576 tuturus
408 3530 447 3577 sit.
463 3531 545 3590 Sulpit.
709 3525 775 3588 Sylla
785 3533 809 3575 st
819 3526 910 3577 deuima
918 3520 1019 3587 legione.

181 3596 238 3640 214.
261 3593 328 3640 Mtte
347 3603 373 3640 ut
393 3596 492 3650 1111111,
518 3592 574 3655 dre]
599 3594 684 3640 Narrat
741 3594 796 3641 219.
822 3589 940 3654 Pugnae]
965 3592 1040 3651 Quem
1058 3607 1152 3654 pugnax
1171 3591 1245 3643 inerit

147 3654 230 3714 Poeta,
247 3674 292 3717 qno
309 3659 390 3704 ordine
408 3659 533 3719 Pompeius
543 3658 608 3718 prior
618 3673 683 3705 sunm
707 3652 752 3703 ists
767 3656 796 3703 1..
816 3655 934 3703 Domitius
951 3653 1016 3718 (nam
1032 3654 1074 3704 Cn.
1092 3656 1210 3721 Domitius
1228 3672 1243 3705 s

147 3722 221 3768 aciem
236 3723 379 3780 instruxerit,
395 3731 419 3770 et
431 3739 489 3784 quos
506 3722 588 3782 quibus
600 3723 683 3783 voorni-
707 3721 799 3766 caure
814 3719 879 3767 stetit
897 3716 1041 3784 mediumque
1063 3721 1136 3771 eciem
1154 3721 1243 3788 tenuit)

145 3788 191 3832 bus
201 3789 338 3847 praeleeerit.
355 3787 459 3835 Hortens.
476 3784 563 3847 Mtte]
585 3786 682 3833 Exeroi-
706 3782 762 3830 vide
772 3799 823 3845 quse
834 3784 863 3831 sd
876 3799 909 3830 11.
918 3786 974 3833 479.
984 3781 1027 3832 lib.
1040 3786 1063 3832 2.

145 3857 185 3896 tus
208 3852 314 3912 Pompeii
333 3852 372 3911 qui
391 3853 562 3914 importunitate
582 3846 682 3897 omnium
739 3851 795 3900 220.
811 3847 914 3906 Aduerso,
930 3846 1035 3911 Domiti]
1060 3846 1144 3898 Reote.
1169 3848 1241 3899 Num-

146 3925 240 3963 oosetns
259 3925 339 3963 contra
360 3916 430 3963 enimi
448 3916 483 3964 sui
501 3915 637 3964 sententiam
657 3920 682 3961 st
706 3928 751 3974 qne
772 3913 867 3961 Corfinii
885 3915 1003 3972 obsessus,
1025 3913 1104 3966 esuis
1126 3912 1241 3965 militibus

145 3981 269 4028 eonsilium
277 3997 389 4042 pugnare,
406 3981 488 4028 eduxit
504 3981 592 4041 copias,
609 3978 681 4026 seiem
706 3978 792 4026 cassu
808 3978 907 4026 traditus
926 3985 950 4025 st
966 3980 999 4041 11
1011 3993 1040 4026 eo
1056 3978 1179 4028 demissus.
1186 3977 1205 4026 1.
1216 3986 1239 4030 2.

144 4044 264 4092 instruxit
281 4046 375 4094 Adverso
390 4045 488 4109 frast]
505 4045 608 4093 Orientis
619 4043 680 4090 Solis
705 4034 848 4089 Massiliensi
856 4041 925 4091 olsssi
934 4038 1060 4109 prefectus·
1067 4049 1091 4090 st
1099 4044 1154 4091 inde
1165 4043 1242 4093 vietus

145 4110 207 4156 radii
225 4111 327 4158 nirenta
346 4118 509 4171 percusserunt
527 4109 680 4168 Pompeisnos
704 4105 800 4168 aufugit.
815 4107 856 4154 lib.
869 4110 892 4155 3.
910 4108 948 4154 hio
966 4104 1041 4156 rietus
1058 4123 1177 4168 ooesusque
1195 4117 1239 4156 est.

145 4175 279 4231 instructos,
288 4175 375 4223 Caesari
385 4177 496 4224 autemab
503 4183 555 4222 ortu
565 4174 605 4221 Sol
615 4189 681 4220 sver-
704 4173 763 4284 putre
773 4188 808 4219 vs.
825 4177 881 4223 600.
899 4170 981 4221 Dettri
988 4174 1065 4238 frons,
1084 4171 1142 4234 &o.]
1152 4171 1239 4221 'Cornu

145 4255 185 4288 sus
216 4240 294 4286 roiuit.
722 4244 821 4284 1111111.

180 4256 235 4353 215.
254 4303 361 4369 Perfudit
382 4305 474 4362 lumine,
493 4304 550 4368 &e.]
579 4302 681 4351 Proinde
739 4301 843 4352 221111
862 4301 930 4349 mit
949 4302 1026 4359 robur,
1050 4299 1107 4364 tra]
1136 4298 1239 4369 Medium

148 4370 228 4418 Caessr
246 4377 341 4430 ortum3
356 4369 480 4432 Pompeius
499 4383 607 4419 omasum
616 4375 681 4417 tens·
706 4366 781 4417 soiern
802 4369 910 4418 tuebatur
930 4366 1011 4430 Seipio
1037 4364 1145 4434 Pompeii
1164 4379 1249 4424 souer,

666 4449 723 4498 Rr
