2784 4860
342 366 560 443 clvrnrs
605 350 1064 445 arumnicum.
1156 315 1260 448 *aar
1331 360 1334 364 ’

149 532 307 611 ¹‘'l'ristior
320 546 385 612 iste
398 568 501 632 rogns
514 568 662 628 manes,
678 549 894 632 animamque
910 555 1086 632 potentem

157 657 287 721 Officiis
303 663 417 722 averte
432 661 537 723 meis:
561 660 684 743 injuria
698 659 760 723 sati
1166 646 1188 671 '¹

155 767 236 832 Hoc
251 769 305 831 fas
321 789 397 832 esse
417 770 535 853 jubet;
557 790 600 833 ne
615 770 711 852 ponti
726 769 829 833 belua
844 769 1041 853 quicquam,

155 877 210 942 Ne
225 879 307 956 fera,
322 901 365 943 ne
380 881 548 956 volucres,
564 901 607 944 ne
622 881 707 946 saevi
722 880 871 946 Caesaris
886 883 938 946 ira
1188 886 1255 953 768

152 986 309 1053 Audeat:
332 991 502 1072 exiguam,
525 976 687 1074 qnantum
702 998 813 1075 potes,
837 994 959 1076 accipe
975 993 1148 1063 dammam

153 1095 312 1165 Romana
326 1121 491 1164 succense
505 1122 618 1165 manu.
643 1102 793 1166 Fortuna
806 1122 963 1168 recursus

153 1207 191 1269 Si
206 1208 264 1272 det
277 1210 312 1271 in
329 1210 546 1293 Hesperiam,
562 1232 631 1275 non
646 1212 761 1276 hucin
783 1213 865 1278 sede
881 1215 1059 1297 quiescent
1140 1230 1157 1245 ·’

151 1317 239 1382 Tam
254 1321 343 1383 sacri
359 1322 509 1384 cineres:
532 1323 594 1386 scd
608 1325 641 1386 te
658 1321 827 1400 Cornelia,
845 1322 983 1406 Magne,

150 1429 322 1514 Accipiet,
336 1438 520 1516 nostraque
541 1454 644 1498 manu
658 1433 871 1498 transfundet
884 1435 920 1498 in
934 1452 1070 1520 urnam,
1184 1435 1251 1507 778

151 1539 285 1605 Interea
299 1562 406 1625 parvo
422 1544 593 1626 signemus
608 1545 722 1609 littora
741 1563 841 1622 saxo,
1055 1614 1062 1622 ,
1189 1554 1191 1558 “

151 1649 200 1714 Ut
212 1657 295 1715 nota
308 1654 353 1716 sit
365 1654 476 1733 busti;
491 1642 529 1718 ¹si
544 1655 622 1737 quis
636 1655 775 1738 placare
796 1636 1008 1738 peremptum

149 1759 250 1825 Forte
265 1763 367 1840 volet,
383 1765 504 1846 plenos
527 1770 561 1829 et
573 1765 714 1829 reddere
727 1764 847 1828 mortis
862 1764 1008 1830 honores
1022 1785 1031 1844 3

149 1870 306 1936 Inveniat
317 1875 427 1938 trunci
443 1875 584 1952 cineres,
600 1880 634 1939 et
646 1875 736 1939 norit
750 1893 882 1952 arenas

148 1978 205 2044 Ad
221 2001 318 2064 quas,
336 1982 473 2064 Magne,
487 1990 582 2048 tuum
595 1985 718 2049 reserat
733 1990 848 2067 caput.
864 1985 940 2049 haec
954 1986 1015 2050 ubi
1029 1984 1132 2066 fatus,
1148 1966 1152 1971 ⁶
1181 1974 1249 2053 776

147 2091 287 2156 Excitat
300 2093 469 2157 invalidas
484 2095 622 2159 admoto
637 2094 755 2160 fomite
769 2094 934 2159 dammas.
1013 2119 1016 2123 ·
1229 2078 1234 2103 ⁵

146 2200 316 2285 Carpitur,
333 2209 367 2267 et
386 2205 514 2268 lentum
530 2199 678 2287 Magnus
694 2205 836 2269 distillat
856 2190 1047 2288 inignem,

143 2311 242 2376 Tabe
258 2312 377 2377 fovens
393 2315 540 2378 bustum.
552 2314 625 2378 'sed
642 2313 716 2398 jam
736 2320 953 2398 percusserat
968 2321 1077 2381 astru.

146 2421 288 2488 Aurorae
309 2426 479 2508 promissa
493 2427 587 2490 diest
610 2427 680 2502 ille,
696 2426 814 2490 ordine
829 2431 930 2510 rupto

146 2531 299 2612 Funeris,
321 2539 481 2602 attonitus
502 2537 650 2601 latebras
669 2537 831 2602 inlittore
847 2538 979 2621 quaerit.
1180 2537 1247 2607 780

190 2644 303 2723 Quam
318 2649 440 2712 metuis
463 2648 601 2711 demens
620 2647 687 2710 isto
703 2666 766 2729 pro
782 2646 921 2712 crimine
936 2663 1087 2730 poenam,

146 2754 225 2834 Quo
240 2761 274 2820 te
289 2757 381 2821 fama
401 2758 532 2840 loquax
554 2757 685 2821 omneis
701 2758 837 2840 accepit
851 2758 887 2820 in
901 2758 1035 2846 annosi

145 2868 292 2935 'Condita
305 2871 460 2935 laudabit
472 2857 592 2953 Magni
607 2890 705 2934 socer
725 2871 852 2952 impius
871 2890 963 2935 ossa.
1030 2862 1034 2870 ’

144 2980 162 3044 I
177 2980 280 3047 modo
298 2994 437 3047 securus
452 2982 574 3058 veniae,
590 2980 771 3063 fassusque
796 2981 990 3064 sepulcrum

176 3154 331 3202 sesamam⁴
460 3156 562 3216 aseja
709 3151 868 3226 rasiano.¹
967 3150 1208 3199 transactetur«.

240 3217 442 3268 irradiantius
475 3235 508 3265 us.
605 3220 653 3267 779
661 3217 780 3279 prumam,
797 3230 909 3277 permuta,
1013 3218 1061 3265 781
1075 3213 1145 3268 Quid.

379 3287 425 3332 781
448 3299 518 3330 onere
531 3282 628 3344 colpum.
822 3279 998 3330 tuscania

174 3435 231 3483 763.
249 3431 335 3496 Officiis
348 3442 421 3481 curte
441 3435 514 3498 meis]
532 3435 631 3496 Ignosce
644 3440 679 3481 ta·
703 3431 797 3494 nilque:
823 3437 849 3480 nt
868 3432 899 3478 sb
917 3431 1008 3478 Aurora
1027 3427 1170 3491 intelligam
1189 3428 1241 3489 dies

140 3497 224 3545 unitati
241 3499 309 3559 lsnjns
328 3498 397 3545 officii
416 3499 476 3555 mci3
492 3500 540 3545 noli
558 3500 678 3546 advertere
702 3495 808 3558 promitti
818 3496 882 3544 illius
892 3495 1023 3557 splendore.
1035 3493 1119 3555 Rupta,
1131 3492 1190 3558 dte]
1200 3495 1240 3544 li·

141 3562 228 3609 funeris
240 3564 378 3620 exilitatem,
390 3579 457 3623 quum
468 3572 564 3611 excuset
573 3578 678 3625 premen-
702 3568 816 3622 tempto,
825 3576 872 3608 non
889 3560 1021 3608 continuato
1037 3564 1240 3622 consummatoque

141 3627 173 3674 tis
184 3627 225 3674 isti
236 3628 326 3688 injuria.
701 3627 789 3674 funeris
799 3626 882 3672 officio.
1231 3626 1235 3631 ’

173 3694 222 3742 767
224 3727 230 3740 .
249 3693 368 3749 Remorum,
384 3693 440 3758 δια]
458 3694 567 3740 Raditum
578 3692 634 3740 mihi
645 3694 677 3740 fs·
732 3694 789 3741 781.
809 3691 882 3745 Quom
892 3689 970 3736 mauu
977 3688 1084 3751 demas]
1096 3688 1239 3751 Nonpotest

140 3755 210 3803 licem
220 3758 246 3804 in
254 3757 352 3804 Italiam.
701 3770 745 3802 non
756 3755 886 3803 exelasnsm
894 3752 1155 3800 Poetsintimiditatem
1165 3752 1239 3801 cordi

172 3823 229 3870 771.
247 3822 321 3884 Saso]
340 3824 409 3880 Quod
417 3825 511 3871 denotet
521 3821 582 3870 busti
592 3821 677 3870 locum.
702 3821 802 3878 nstoris3
818 3815 1238 3880 culqnumpropioodioiomongrsi

172 3887 229 3934 777.
249 3888 343 3935 Plrcore
351 3887 506 3950 peremptum]
513 3888 581 3936 Jusn
591 3886 676 3938 etinfe-
700 3885 740 3931 tie
751 3886 826 3932 solum
836 3883 915 3932 haberi
926 3882 1068 3938 debuissent,
1081 3894 1160 3929 serum
1168 3881 1239 3947 etism

139 3950 186 3999 sias
197 3952 241 4000 rite
253 3953 350 4015 notgero.
700 3950 821 4010 premium
830 3947 1073 4009 debebatmiosupor
1080 3945 1238 4008 lngitsdven·

171 4018 228 4065 775.
248 4016 341 4078 Caput]
350 4018 419 4074 Quod
430 4017 467 4063 his
478 4016 594 4063 cineribus
603 4015 675 4063 deest
700 4021 763 4060 tante
774 4015 834 4070 lnce,
846 4013 1010 4074 quusipoensm
1017 4012 1047 4058 ob
1058 4011 1140 4058 rnslsm
1150 4022 1238 4061 noun

171 4082 228 4128 777.
246 4081 350 4129 Distitlut
364 4085 389 4130 in
402 4083 497 4146 iguem]
514 4081 635 4141 collapsus
651 4081 676 4127 in
700 4077 795 4125 meritus
805 4078 894 4126 suisset.
913 4076 1017 4124 Hortum.

138 4145 236 4193 cineres.
731 4144 788 4190 787.
807 4139 964 4205 Quotcfumc,
977 4138 1035 4203 δια]
1052 4134 1239 4205 Οιιοῄωεὶωρ

171 4214 228 4258 778.
248 4210 323 4272 Tota]
341 4212 424 4271 Adipe.
699 4207 859 4255 mortalitatem
869 4213 1007 4253 consecutus
1017 4219 1051 4251 es.

172 4277 229 4324 779.
248 4276 356 4323 Promisso
367 4275 674 4336 dtes.]rlliileg.praemissc.
732 4274 788 4321 783.
806 4269 1149 4333 smtmpius.]1psscoenr.
1178 4280 1181 4287 ⁴

139 4337 676 4402 perhypnllsgen,Aurorapraemissadiei.8ed
731 4337 788 4387 784.
806 4332 822 4382 l
837 4335 900 4382 mode
915 4331 1027 4395 secum]
1042 4333 1157 4380 Horum
1173 4336 1236 4388 stin,

138 4404 196 4454 nme
206 4405 328 4453 lectionem
338 4406 433 4467 proeiert
449 4404 587 4462 Sabellicus,
603 4416 676 4465 expo·
700 4407 727 4449 ut
736 4414 832 4449 seems
842 4398 923 4448 eaden
935 4399 975 4448 vis
984 4395 1136 4459 Palm
1144 4398 1171 4443 et
1182 4407 1236 4458 pes·

994 4530 999 4540 '
1061 4535 1077 4563 O
