2784 4860
330 324 552 397 CIVILIS
591 324 928 419 66666616.
964 327 1071 395 v111.

156 501 218 565 Nil
233 503 339 586 pudet
354 508 511 569 assuetos
523 504 688 589 sceptris:
711 484 892 574 mitissima
904 522 981 570 sors
996 507 1050 571 est

154 611 351 694 Regnorum
365 616 429 678 sub
441 635 519 697 rege
533 635 636 686 nevo.
682 613 718 679 Ν
720 635 765 680 66
779 616 878 699 plura
888 616 1025 685 locutus

154 726 296 809 Impulit
309 727 376 792 huc
388 729 520 796 animos
536 733 701 811 quantum
713 747 794 812 spes
807 727 927 793 ultima
936 747 1046 795 rerum

153 836 335 901 Libertatis
351 837 472 902 habet!
495 838 588 904 victa
602 843 655 904 est
666 836 833 905 sententia
849 835 979 920 Magni.
1153 915 1155 921 ,

196 948 293 1011 Tunc
311 948 456 1013 Cilicum
471 949 601 1032 liquere
617 937 740 1026 solum
758 947 940 1042 Cyproque
957 949 1079 1015 citatas

152 1057 327 1122 Immisere
338 1064 440 1136 rates
456 1060 567 1124 nullas
580 1060 636 1126 cui
647 1060 797 1144 praetulit
811 1078 889 1124 aras

153 1167 264 1232 Undae
277 1170 357 1233 diva
371 1190 500 1234 memor
514 1170 670 1253 Paphiae,
688 1169 718 1235 si
728 1170 867 1244 numina
881 1169 978 1234 nasci

152 1277 340 1356 CredimuS,
357 1285 415 1344 aut
428 1300 633 1364 quemquam
647 1281 701 1345 fas
714 1285 768 1345 est
783 1280 932 1365 coepisse
945 1262 1096 1346 deornm.

152 1389 242 1454 Haec
258 1392 317 1453 ubi
329 1393 478 1456 deseruit
488 1391 675 1476 Pompeius
691 1391 815 1470 littora,
827 1396 919 1458 totos

149 1500 318 1565 Emensus
334 1502 439 1586 Cypri
454 1503 630 1587 sciopulos,
646 1503 771 1586 quibus
783 1502 855 1570 exit
869 1503 905 1569 in
920 1499 1094 1578 Austrum,

149 1611 234 1675 Inde
249 1614 352 1676 maris
367 1615 457 1679 vasti
470 1613 642 1679 transfuso
657 1614 796 1701 uertitur
812 1619 916 1679 aestu:

128 1801 133 1804 q
150 1721 227 1785 Nee
239 1725 346 1786 tenuit
362 1722 501 1789 Casium
520 1729 687 1804 noctruno
698 1724 823 1805 lumine
835 1729 996 1800 montem,

149 1831 337 1917 intimaque
353 1836 495 1918 AEgypti
509 1835 659 1919 pugnaci
674 1836 789 1903 littora
803 1837 880 1901 velo
896 1854 898 1856 ·

148 1943 220 2006 Vix
235 1945 355 2027 tetigit,
373 1966 441 2027 qua
457 1942 587 2010 dividui
598 1965 679 2028 pars
693 1946 845 2010 maxima
855 1945 930 2011 Nili

148 2053 189 2116 In
201 2055 291 2118 vada
302 2056 448 2121 decurrit
459 2056 600 2126 Pelusia
610 2056 776 2139 septimus
788 2057 909 2121 amnis.

146 2165 298 2248 Tempus
310 2172 393 2243 erat,
404 2188 472 2250 quo
484 2167 697 2251 Librapares
709 2168 882 2235 examinat
893 2147 994 2232 heras

146 2273 227 2338 Non
238 2296 306 2340 uno
322 2278 401 2360 plus
417 2297 518 2360 aequa
530 2278 596 2356 die,
608 2279 769 2362 noctique
782 2279 938 2362 rependit

212 2437 262 2485 454
276 2449 328 2482 curs.
460 2439 509 2488 455
526 2401 609 2485 tueri
737 2440 787 2485 460
804 2436 859 2486 Hic.
989 2437 1042 2489 tta
1055 2444 1184 2484 transverse.

302 2503 351 2548 463
370 2499 456 2556 Cusicn,
464 2510 564 2565 gratum.
695 2502 742 2554 465
757 2503 838 2551 'terruit
968 2505 1020 2569 4⁶⁸.
1032 2517 1088 2549 una.

177 2625 233 2676 454.
252 2624 344 2686 Impulit
365 2626 429 2689 buc]
457 2630 486 2675 In
507 2627 636 2688 AEgyptum
658 2635 685 2675 ut
743 2629 799 2677 464.
819 2624 1123 2690 Trnnffnsonertituraestn.]
1136 2627 1249 2688 Maricy-

143 2688 216 2735 iretur
234 2693 357 2750 persuasit.
375 2691 457 2752 Sulpit.
477 2693 602 2748 Quantum,
627 2690 683 2756 dtu]
709 2707 777 2753 prum
797 2699 821 2738 et
839 2691 968 2752 AEgyptum
984 2690 1102 2738 interfuso.
1137 2691 1185 2738 ulii
1202 2691 1248 2752 leg.

144 2754 302 2814 Epipbouemu.
344 2759 460 2818 Quantum
480 2757 603 2812 libertatis,
630 2757 684 2819 6αρ
710 2767 838 2812 transvena,
849 2757 874 2803 id
885 2763 928 2812 est,
938 2771 1030 2805 cursum
1038 2753 1124 2803 direxit
1134 2771 1166 2802 ex
1177 2762 1249 2802 truns-

143 2815 215 2881 incius
238 2829 355 2867 assumunt
383 2822 429 2868 sibi
446 2823 550 2870 homines
571 2823 596 2870 in
615 2823 684 2870 rebus
709 2822 867 2869 versomnris.

142 2885 279 2944 desperetis.
742 2888 798 2933 463.
816 2885 865 2933 Nec
882 2885 955 2932 tenuit
969 2883 1079 2948 0661666]
1104 2881 1190 2930 Nullus
1210 2884 1248 2932 liic
1291 2912 1296 2920 ,

175 2951 232 2995 456.
252 2949 349 2996 Cilicum
373 2950 455 3012 iiqrccrc
473 2952 551 3006 scium,
576 2949 635 3012 dcc]
663 2951 684 2996 Il
708 2949 774 2997 locus
786 2947 1248 3011 Cnsiomnnti,quipostaliqunntonre·

142 3011 226 3059 Cilicia
247 3015 340 3063 solvens
362 3015 386 3061 in
408 3016 511 3077 Cyprum
530 3016 575 3063 ins.
593 3015 684 3076 trajecit
708 3022 817 3062 moratur.
850 3016 911 3063 Mes.
924 3015 1025 3071 hubent3
1044 3011 1091 3061 Nec
1107 3015 1179 3061 tenuit
1192 3029 1248 3079 grn-

142 3078 276 3137 Pompeius.
708 3087 757 3125 tum
768 3089 876 3126 ncctnrrur
888 3079 971 3126 lumine
979 3077 1093 3141 mentm]
1111 3078 1247 3127 Chimaeram

174 3148 230 3191 457.
250 3142 382 3191 Nullcscui
397 3146 500 3205 pretulit
517 3144 590 3207 6666]
609 3145 682 3200 Quam
707 3143 826 3206 intelligit,
854 3151 963 3201 montem,
976 3140 1084 3193 noctibus
1105 3143 1133 3190 tia
1176 3151 1247 3198 uteru,
1271 3163 1273 3170 ,

141 3207 232 3254 coluisse
244 3207 393 3256 Venustcrris
411 3209 596 3273 magistrantibus
612 3225 683 3257 urtam
700 3215 734 3274 ¹nt
755 3209 857 3270 loquitur
877 3208 970 3256 Plinius
992 3224 1053 3256 vers.
1076 3211 1114 3254 27.
1135 3158 1245 3260 a(tisorias.

143 3269 235 3327 Fertur,
247 3273 285 3318 ubi
296 3274 403 3334 temptum
414 3273 487 3329 Diva,
499 3283 631 3336 centumque
642 3274 682 3323 Sa·
708 3271 756 3320 Nec
766 3276 839 3320 tenuit
854 3271 964 3336 cauum]
983 3271 1064 3333 Neque
1083 3271 1177 3320 Casium
1193 3287 1247 3332 pro·

142 3336 187 3382 bne
206 3335 281 3384 Tharne
300 3339 373 3387 calent
388 3355 430 3385 ern
444 3341 548 3402 mtisqrae
560 3340 683 3387 recentibus
707 3339 854 3392 montorium,
865 3338 1031 3399 quod'petebnt
1039 3337 1125 3384 tenuit:
1137 3337 1179 3383 sed
1190 3352 1246 3384 ren·

142 3401 227 3446 halant.
706 3408 731 3448 to
741 3403 876 3465 sdversante
887 3410 911 3448 et
929 3402 986 3449 velis
995 3401 1169 3464 reluctantibus,
1187 3400 1247 3449 iniret

175 3471 230 3513 458.
252 3465 384 3512 Uudrcdiun
400 3482 481 3513 memor
497 3466 612 3531 Papum]
631 3469 681 3515 lde·
707 3466 800 3514 Casium
809 3466 907 3529 appulit,
925 3483 970 3526 qun
980 3466 1049 3512 Nilus
1061 3463 1160 3524 septimo
1171 3479 1245 3526 eoque
1315 3498 1327 3509 .

141 3545 192 3576 mor
208 3530 287 3590 Cyprii
301 3531 379 3584 muris,
397 3531 421 3576 in
442 3548 487 3592 quo
508 3539 562 3578 unte
578 3535 681 3579 Venuse
707 3531 791 3578 ultimo
812 3538 835 3579 et
854 3529 997 3594 amplissimo
1016 3529 1076 3576 ostio
1088 3531 1157 3590 juxte
1174 3528 1246 3579 Pelu-

141 3609 222 3654 spuma
239 3596 309 3641 meris
330 3603 353 3641 et
371 3596 487 3642 testiculis
507 3596 567 3642 Goeli
587 3597 680 3644 dicitur.
706 3595 767 3642 sium
776 3596 870 3643 inurere
887 3595 943 3642 exit.
962 3593 1173 3643 Noctunwlumine
1182 3609 1245 3643 mon·

141 3659 195 3706 vide
205 3675 256 3719 qnae
266 3661 295 3705 ad
304 3676 338 3706 vs.
350 3662 405 3706 473.
418 3662 499 3707 Senec.
511 3660 584 3722 Hipp.
603 3660 628 3708 Si
638 3678 681 3708 nn·
705 3660 768 3722 tecm]
786 3661 871 3714 Noctu,
887 3661 978 3706 lucente
994 3659 1055 3705 1666.
1072 3658 1106 3704 vel
1125 3659 1175 3705 succ
1190 3675 1245 3708 noc-

139 3726 201 3770 6666
222 3723 302 3785 rusci]
320 3722 474 3788 'Euarr‘ptncre
501 3724 529 3771 Si
548 3725 680 3772 medones·
705 3732 779 3778 turne,
792 3723 991 3780 *velutinPhnru
1010 3723 1069 3772 viem
1080 3721 1245 3784 navigantibus

140 3796 221 3836 cantur
230 3789 330 3844 numina,
347 3796 424 3848 einen
433 3789 478 3836 sint
490 3795 581 3844 oetcrua.
705 3789 827 3850 dirigente.

173 3857 229 3900 460.
248 3852 462 3901 Haecubideseruit
480 3853 606 3915 Pompeius,
622 3853 679 3916 die]
738 3856 794 3904 464.
813 3853 918 3916 Pugrwci
935 3853 1000 3906 litura
1017 3851 1084 3914 6616]
1110 3851 1245 3901 Reluctanti
1321 3902 1324 3907 ,

141 3918 246 3964 Navibus
258 3917 316 3972 aliis,
333 3918 408 3978 inquit
417 3921 495 3966 Cresnr
510 3923 532 3967 3.
545 3920 679 3966 66666661-
704 3919 816 3966 adversus
827 3924 929 3965 ventum.

139 3982 170 4028 tis
187 3983 304 4036 actuariis,
320 3983 343 4028 in
363 3982 477 4040 Cilicium,
494 3990 563 4044 atque
581 3984 635 4031 inde
656 3984 679 4030 in
736 3985 793 4030 467.
812 3981 906 4041 Tempus
914 3989 970 4036 unt,
982 3979 1039 4042 &c.]
1052 3981 1161 4042 Erntjem
1172 3980 1253 4042 requi·¹

140 4048 241 4107 Cyprum
251 4048 364 4107 pervenit.
375 4048 407 4094 ibi
416 4049 537 4108 cognoscit
545 4064 620 4096 nrcern
627 4055 679 4095 ante
704 4047 806 4094 noctium
817 4047 955 4102 autumnale,
963 4047 1018 4110 Sole
1030 4045 1123 4100 librum
1130 4043 1242 4111 ingresse.

138 4121 229 4173 ceptam
244 4113 280 4159 sui
299 4113 437 4159 excludendi
454 4128 531 4170 cause,
547 4113 591 4160 &e
610 4114 680 4160 Pom·
704 4111 774 4163 Libra
790 4113 826 4159 die
836 4112 946 4173 ueraque
962 4127 1026 4172 pares
1034 4111 1074 4158 ubi
1076 4109 1163 4173 fecerit
1172 4107 1245 4158 burne

138 4177 193 4236 pelo
205 4177 282 4237 itaque
294 4178 392 4236 pecunia
411 4178 530 4226 societatis
549 4178 639 4225 sublata
654 4185 679 4224 et
703 4175 769 4238 Virg.
788 4177 884 4237 Georg„
897 4181 919 4223 1.
937 4173 1056 4227 Examinat
1078 4171 1164 4238 dms]
1179 4173 1245 4227 Alli·

139 4242 567 4304 aemsmsgnnponderendmiljtrrrem
578 4243 678 4304 usumin
704 4238 986 4294 sumadexemenlibrue.
1104 4245 1106 4253 '
1128 4297 1130 4300 ι
1229 4268 1231 4272 »

138 4307 339 4368 nitorimenta,
355 4310 461 4354 ertone.
479 4308 679 4366 1666666666-
735 4309 792 4355 468.
810 4302 863 4354 Nem
881 4321 926 4352 unc
942 4305 996 4368 plue
1017 4298 1149 4380 cipricitin]
1166 4301 1245 4351 Unum

139 4371 178 4426 tis,
197 4371 316 4431 Pelusium
323 4373 441 4432 pervenit.
558 4443 559 4447 Ἰ
702 4370 870 4450 tentandum
880 4385 975 4436 uquam
984 4376 1056 4440 eneti,
1065 4365 1183 4436 *deinceps
1194 4365 1256 4434 iru-¹
1348 4380 1353 4387 ·
