<?xml version="1.0" encoding="UTF-8"?>
<!DOCTYPE html PUBLIC "-//W3C//DTD XHTML 1.0 Transitional//EN"
    "http://www.w3.org/TR/xhtml1/DTD/xhtml1-transitional.dtd">
<html xmlns="http://www.w3.org/1999/xhtml" xml:lang="en" lang="en">
 <head>
  <title>
</title>
<meta http-equiv="Content-Type" content="text/html;charset=utf-8" />
  <meta name='ocr-system' content='tesseract 3.04.00' />
  <meta name='ocr-capabilities' content='ocr_page ocr_carea ocr_par ocr_line ocrx_word'/>
</head>
<body>
  <div class='ocr_page' id='page_1' title='image "./mannaeuslucanus00grotgoog/mannaeuslucanus00grotgoog_0072.png"; bbox 0 0 2784 4860; ppageno 0'>
   <div class='ocr_carea' id='block_1_1' title="bbox 284 702 294 733">
    <p class='ocr_par' dir='ltr' id='par_1_1' title="bbox 284 702 294 733">
     <span class='ocr_line' id='line_1_1' title="bbox 284 702 294 733; baseline 0 0"><span class='ocrx_word' id='word_1_1' title='bbox 284 702 294 733; x_wconf 78' lang='lat' dir='ltr'><strong>t</strong></span> 
     </span>
    </p>
   </div>
   <div class='ocr_carea' id='block_1_2' title="bbox 441 721 914 842">
    <p class='ocr_par' dir='ltr' id='par_1_2' title="bbox 441 721 914 842">
     <span class='ocr_line' id='line_1_2' title="bbox 441 721 914 842; baseline 0.006 -48"><span class='ocrx_word' id='word_1_2' title='bbox 441 727 494 842; x_wconf 64' lang='lat' dir='ltr'><strong>M?</strong></span> <span class='ocrx_word' id='word_1_3' title='bbox 526 726 696 794; x_wconf 82' lang='lat' dir='ltr'>ANNAEI</span> <span class='ocrx_word' id='word_1_4' title='bbox 733 721 914 796; x_wconf 87' lang='lat' dir='ltr'><strong>LUCANI</strong></span> 
     </span>
    </p>
   </div>
   <div class='ocr_carea' id='block_1_3' title="bbox 279 854 1073 1055">
    <p class='ocr_par' dir='ltr' id='par_1_3' title="bbox 279 854 1073 1078">
     <span class='ocr_line' id='line_1_3' title="bbox 279 854 1073 1055; baseline 0.006 -42"><span class='ocrx_word' id='word_1_5' title='bbox 279 854 715 1055; x_wconf 75' lang='lat' dir='ltr'><strong>ciuiuus</strong></span> <span class='ocrx_word' id='word_1_6' title='bbox 763 902 1073 1020; x_wconf 72' lang='lat' dir='ltr'><strong>ouum</strong></span> 
     </span>
    </p>
   </div>
   <div class='ocr_carea' id='block_1_4' title="bbox 1078 1001 1091 1060">
    <p class='ocr_par' dir='ltr' id='par_1_4' title="bbox 1078 1001 1091 1060">
     <span class='ocr_line' id='line_1_4' title="bbox 1078 1001 1091 1060; baseline 0 0"><span class='ocrx_word' id='word_1_7' title='bbox 1078 1001 1091 1060; x_wconf 68' lang='grc' dir='ltr'><strong>ἶ</strong></span> 
     </span>
    </p>
   </div>
   <div class='ocr_carea' id='block_1_5' title="bbox 651 1157 711 1190">
    <p class='ocr_par' dir='ltr' id='par_1_5' title="bbox 651 1157 711 1190">
     <span class='ocr_line' id='line_1_5' title="bbox 651 1157 711 1190; baseline 0 0"><span class='ocrx_word' id='word_1_8' title='bbox 651 1157 711 1190; x_wconf 69' lang='lat' dir='ltr'><strong>SIVE</strong></span> 
     </span>
    </p>
   </div>
   <div class='ocr_carea' id='block_1_6' title="bbox 465 1291 901 1398">
    <p class='ocr_par' dir='ltr' id='par_1_6' title="bbox 465 1291 901 1398">
     <span class='ocr_line' id='line_1_6' title="bbox 465 1291 901 1398; baseline 0.007 -31"><span class='ocrx_word' id='word_1_9' title='bbox 465 1291 901 1398; x_wconf 73' lang='lat' dir='ltr'><strong>Punnssurrn,</strong></span> 
     </span>
    </p>
   </div>
   <div class='ocr_carea' id='block_1_7' title="bbox 509 1513 869 1586">
    <p class='ocr_par' dir='ltr' id='par_1_7' title="bbox 509 1513 869 1586">
     <span class='ocr_line' id='line_1_7' title="bbox 509 1513 869 1586; baseline 0 -19"><span class='ocrx_word' id='word_1_10' title='bbox 509 1513 633 1586; x_wconf 77' lang='lat' dir='ltr'><strong>mnne</strong></span> <span class='ocrx_word' id='word_1_11' title='bbox 657 1515 869 1570; x_wconf 65' lang='lat' dir='ltr'><strong>succursus.</strong></span> 
     </span>
    </p>
   </div>
   <div class='ocr_carea' id='block_1_8' title="bbox 72 1899 1066 2878">
    <p class='ocr_par' dir='ltr' id='par_1_8' title="bbox 127 1899 1012 2002">
     <span class='ocr_line' id='line_1_8' title="bbox 127 1899 1012 2002; baseline 0 -18"><span class='ocrx_word' id='word_1_12' title='bbox 127 1899 288 1996; x_wconf 75' lang='lat' dir='ltr'><strong>Isuoon</strong></span> <span class='ocrx_word' id='word_1_13' title='bbox 304 1920 364 1983; x_wconf 86' lang='lat' dir='ltr'><strong>irae</strong></span> <span class='ocrx_word' id='word_1_14' title='bbox 379 1924 520 2002; x_wconf 80' lang='lat' dir='ltr'><strong>patuere</strong></span> <span class='ocrx_word' id='word_1_15' title='bbox 534 1919 646 1996; x_wconf 86' lang='lat' dir='ltr'><strong>deum,</strong></span> <span class='ocrx_word' id='word_1_16' title='bbox 669 1919 916 2002; x_wconf 81' lang='lat' dir='ltr'><strong>manifestoque</strong></span> <span class='ocrx_word' id='word_1_17' title='bbox 929 1918 1012 1993; x_wconf 68' lang='lat' dir='ltr'><strong>ltelli</strong></span> 
     </span>
    </p>

    <p class='ocr_par' dir='ltr' id='par_1_9' title="bbox 72 2028 1061 2550">
     <span class='ocr_line' id='line_1_9' title="bbox 72 2028 1061 2112; baseline -0.002 -16"><span class='ocrx_word' id='word_1_18' title='bbox 72 2102 74 2105; x_wconf 83' lang='lat'>.</span> <span class='ocrx_word' id='word_1_19' title='bbox 128 2031 233 2112; x_wconf 84' lang='lat' dir='ltr'><strong>Signa</strong></span> <span class='ocrx_word' id='word_1_20' title='bbox 248 2028 342 2094; x_wconf 86' lang='lat' dir='ltr'><strong>dedit</strong></span> <span class='ocrx_word' id='word_1_21' title='bbox 355 2029 520 2092; x_wconf 88' lang='lat' dir='ltr'><strong>mundus:</strong></span> <span class='ocrx_word' id='word_1_22' title='bbox 543 2029 768 2112; x_wconf 84' lang='lat' dir='ltr'><strong>legesque,&#39;et</strong></span> <span class='ocrx_word' id='word_1_23' title='bbox 788 2028 920 2094; x_wconf 81' lang='lat' dir='ltr'>foedera</span> <span class='ocrx_word' id='word_1_24' title='bbox 933 2048 1061 2106; x_wconf 76' lang='lat' dir='ltr'><strong>rerum,</strong></span> 
     </span>
     <span class='ocr_line' id='line_1_10' title="bbox 126 2139 948 2219; baseline -0.002 -13"><span class='ocrx_word' id='word_1_25' title='bbox 126 2141 281 2206; x_wconf 86' lang='lat' dir='ltr'><strong>Preescia</strong></span> <span class='ocrx_word' id='word_1_26' title='bbox 301 2139 515 2203; x_wconf 86' lang='lat' dir='ltr'><strong>monstrifero</strong></span> <span class='ocrx_word' id='word_1_27' title='bbox 536 2141 635 2204; x_wconf 84' lang='lat' dir='ltr'><strong>vertit</strong></span> <span class='ocrx_word' id='word_1_28' title='bbox 654 2145 774 2204; x_wconf 73' lang='lat' dir='ltr'><strong>natum</strong></span> <span class='ocrx_word' id='word_1_29' title='bbox 792 2141 948 2219; x_wconf 82' lang='lat' dir='ltr'><strong>tumultu,</strong></span> 
     </span>
     <span class='ocr_line' id='line_1_11' title="bbox 126 2243 996 2334; baseline -0.001 -19"><span class='ocrx_word' id='word_1_30' title='bbox 126 2251 322 2332; x_wconf 80' lang='lat' dir='ltr'><strong>Indixitque</strong></span> <span class='ocrx_word' id='word_1_31' title='bbox 337 2249 444 2314; x_wconf 82' lang='lat' dir='ltr'><strong>nefas.</strong></span> <span class='ocrx_word' id='word_1_32' title='bbox 468 2269 528 2312; x_wconf 90' lang='lat' dir='ltr'><strong>cur</strong></span> <span class='ocrx_word' id='word_1_33' title='bbox 547 2249 635 2313; x_wconf 83' lang='lat' dir='ltr'><strong>hanc</strong></span> <span class='ocrx_word' id='word_1_34' title='bbox 650 2250 712 2314; x_wconf 89' lang='lat' dir='ltr'><strong>tibi</strong></span> <span class='ocrx_word' id='word_1_35' title='bbox 730 2243 841 2314; x_wconf 89' lang='lat' dir='ltr'><strong>rector</strong></span> <span class='ocrx_word' id='word_1_36' title='bbox 857 2249 996 2334; x_wconf 84' lang='lat' dir='ltr'><strong>Olympi</strong></span> 
     </span>
     <span class='ocr_line' id='line_1_12' title="bbox 126 2359 916 2436; baseline -0.001 -11"><span class='ocrx_word' id='word_1_37' title='bbox 126 2361 290 2434; x_wconf 76' lang='lat' dir='ltr'><strong>Sollicitis</strong></span> <span class='ocrx_word' id='word_1_38' title='bbox 304 2361 416 2423; x_wconf 86' lang='lat' dir='ltr'><strong>visum</strong></span> <span class='ocrx_word' id='word_1_39' title='bbox 430 2359 631 2423; x_wconf 85' lang='lat' dir='ltr'><strong>mortalibus</strong></span> <span class='ocrx_word' id='word_1_40' title='bbox 645 2359 768 2423; x_wconf 82' lang='lat' dir='ltr'><strong>addere</strong></span> <span class='ocrx_word' id='word_1_41' title='bbox 789 2379 916 2436; x_wconf 82' lang='lat' dir='ltr'><strong>curam,</strong></span> 
     </span>
     <span class='ocr_line' id='line_1_13' title="bbox 125 2468 985 2550; baseline -0.002 -16"><span class='ocrx_word' id='word_1_42' title='bbox 125 2470 283 2535; x_wconf 79' lang='lat' dir='ltr'><strong>Noscant</strong></span> <span class='ocrx_word' id='word_1_43' title='bbox 297 2473 456 2532; x_wconf 87' lang='lat' dir='ltr'><strong>venturas</strong></span> <span class='ocrx_word' id='word_1_44' title='bbox 471 2472 508 2530; x_wconf 90' lang='lat' dir='ltr'><strong>ut</strong></span> <span class='ocrx_word' id='word_1_45' title='bbox 524 2468 598 2530; x_wconf 83' lang='lat' dir='ltr'><strong>dira</strong></span> <span class='ocrx_word' id='word_1_46' title='bbox 612 2487 672 2550; x_wconf 87' lang='lat' dir='ltr'><strong>por</strong></span> <span class='ocrx_word' id='word_1_47' title='bbox 688 2469 802 2532; x_wconf 82' lang='lat' dir='ltr'><strong>omina</strong></span> <span class='ocrx_word' id='word_1_48' title='bbox 824 2470 967 2534; x_wconf 75' lang='lat' dir='ltr'><strong>clades?</strong></span> <span class='ocrx_word' id='word_1_49' title='bbox 982 2513 985 2518; x_wconf 91' lang='lat'><em>-</em></span> 
     </span>
    </p>

    <p class='ocr_par' dir='ltr' id='par_1_10' title="bbox 98 2578 1066 2878">
     <span class='ocr_line' id='line_1_14' title="bbox 98 2578 1025 2662; baseline -0.002 -18"><span class='ocrx_word' id='word_1_50' title='bbox 98 2598 104 2601; x_wconf 84' lang='grc'><em>’</em></span> <span class='ocrx_word' id='word_1_51' title='bbox 125 2581 206 2644; x_wconf 89' lang='lat' dir='ltr'><strong>Sive</strong></span> <span class='ocrx_word' id='word_1_52' title='bbox 221 2599 346 2662; x_wconf 84' lang='lat' dir='ltr'><strong>parens</strong></span> <span class='ocrx_word' id='word_1_53' title='bbox 360 2598 470 2642; x_wconf 91' lang='lat' dir='ltr'><strong>rerum</strong></span> <span class='ocrx_word' id='word_1_54' title='bbox 486 2579 723 2660; x_wconf 89' lang='lat' dir='ltr'><strong>cumprimum</strong></span> <span class='ocrx_word' id='word_1_55' title='bbox 738 2578 1025 2660; x_wconf 77' lang='lat' dir='ltr'><strong>informioregna,</strong></span> 
     </span>
     <span class='ocr_line' id='line_1_15' title="bbox 125 2687 1066 2776; baseline -0.004 -22"><span class='ocrx_word' id='word_1_56' title='bbox 125 2688 378 2771; x_wconf 80' lang='lat' dir='ltr'><strong>Materiemque</strong></span> <span class='ocrx_word' id='word_1_57' title='bbox 386 2689 507 2776; x_wconf 86' lang='lat' dir='ltr'><strong>rudem</strong></span> <span class='ocrx_word' id='word_1_58' title='bbox 521 2687 658 2751; x_wconf 82' lang='lat' dir='ltr'><strong>flemma</strong></span> <span class='ocrx_word' id='word_1_59' title='bbox 673 2687 970 2771; x_wconf 73' lang='lat' dir='ltr'><strong>cedenterecepit,</strong></span> <span class='ocrx_word' id='word_1_60' title='bbox 1063 2722 1066 2732; x_wconf 90' lang='lat'>·</span> 
     </span>
     <span class='ocr_line' id='line_1_16' title="bbox 124 2798 982 2878; baseline -0.005 -14"><span class='ocrx_word' id='word_1_61' title='bbox 124 2798 219 2864; x_wconf 85' lang='lat' dir='ltr'><strong>Fixit</strong></span> <span class='ocrx_word' id='word_1_62' title='bbox 232 2801 268 2864; x_wconf 91' lang='lat' dir='ltr'><strong>in</strong></span> <span class='ocrx_word' id='word_1_63' title='bbox 283 2803 444 2864; x_wconf 76' lang='lat' dir='ltr'><strong>aeternum</strong></span> <span class='ocrx_word' id='word_1_64' title='bbox 460 2817 595 2874; x_wconf 86' lang='lat' dir='ltr'><strong>causas,</strong></span> <span class='ocrx_word' id='word_1_65' title='bbox 613 2815 681 2878; x_wconf 82' lang='lat' dir='ltr'><strong>qua</strong></span> <span class='ocrx_word' id='word_1_66' title='bbox 697 2800 820 2860; x_wconf 82' lang='lat' dir='ltr'><strong>cuncta</strong></span> <span class='ocrx_word' id='word_1_67' title='bbox 837 2802 982 2873; x_wconf 88' lang='lat' dir='ltr'><strong>coercet,</strong></span> 
     </span>
    </p>
   </div>
   <div class='ocr_carea' id='block_1_9' title="bbox 474 2943 894 2994">
    <p class='ocr_par' dir='ltr' id='par_1_11' title="bbox 474 2943 894 2994">
     <span class='ocr_line' id='line_1_17' title="bbox 474 2943 894 2994; baseline -0.002 0"><span class='ocrx_word' id='word_1_68' title='bbox 474 2946 578 2994; x_wconf 79' lang='lat' dir='ltr'><strong>5oisum</strong></span> <span class='ocrx_word' id='word_1_69' title='bbox 589 2952 627 2992; x_wconf 82' lang='lat' dir='ltr'><strong>est.</strong></span> <span class='ocrx_word' id='word_1_70' title='bbox 758 2948 774 2993; x_wconf 89' lang='lat'><strong>9</strong></span> <span class='ocrx_word' id='word_1_71' title='bbox 791 2943 875 2993; x_wconf 75' lang='lat' dir='ltr'><strong>Finxit.</strong></span> <span class='ocrx_word' id='word_1_72' title='bbox 893 2945 894 2950; x_wconf 76' lang='grc'>’</span> 
     </span>
    </p>
   </div>
   <div class='ocr_carea' id='block_1_10' title="bbox 118 3077 1250 4366">
    <p class='ocr_par' dir='ltr' id='par_1_12' title="bbox 119 3077 1250 3854">
     <span class='ocr_line' id='line_1_18' title="bbox 156 3077 1250 3145; baseline -0.002 -13"><span class='ocrx_word' id='word_1_73' title='bbox 156 3090 180 3132; x_wconf 89' lang='lat'><strong>1.</strong></span> <span class='ocrx_word' id='word_1_74' title='bbox 198 3082 310 3145; x_wconf 74' lang='lat' dir='ltr'><strong>Iamque]</strong></span> <span class='ocrx_word' id='word_1_75' title='bbox 327 3084 434 3131; x_wconf 76' lang='lat' dir='ltr'><strong>Monstra</strong></span> <span class='ocrx_word' id='word_1_76' title='bbox 449 3083 591 3144; x_wconf 61' lang='lat' dir='ltr'><strong>primamne</strong></span> <span class='ocrx_word' id='word_1_77' title='bbox 607 3095 661 3142; x_wconf 89' lang='lat' dir='ltr'><strong>pro·</strong></span> <span class='ocrx_word' id='word_1_78' title='bbox 685 3077 784 3127; x_wconf 81' lang='lat' dir='ltr'><strong>Aversio</strong></span> <span class='ocrx_word' id='word_1_79' title='bbox 806 3083 835 3128; x_wconf 86' lang='lat' dir='ltr'><strong>ad</strong></span> <span class='ocrx_word' id='word_1_80' title='bbox 857 3083 949 3140; x_wconf 86' lang='lat' dir='ltr'><strong>Jovem,</strong></span> <span class='ocrx_word' id='word_1_81' title='bbox 965 3098 1011 3144; x_wconf 82' lang='lat' dir='ltr'><strong>qus</strong></span> <span class='ocrx_word' id='word_1_82' title='bbox 1030 3081 1113 3144; x_wconf 77' lang='lat' dir='ltr'><strong>quaerit</strong></span> <span class='ocrx_word' id='word_1_83' title='bbox 1135 3099 1224 3142; x_wconf 74' lang='lat' dir='ltr'><strong>causas,</strong></span> <span class='ocrx_word' id='word_1_84' title='bbox 1248 3136 1250 3138; x_wconf 13' lang='lat' dir='ltr'>v</span> 
     </span>
     <span class='ocr_line' id='line_1_19' title="bbox 123 3146 1225 3209; baseline 0 -14"><span class='ocrx_word' id='word_1_85' title='bbox 123 3149 187 3208; x_wconf 78' lang='lat' dir='ltr'><strong>digia</strong></span> <span class='ocrx_word' id='word_1_86' title='bbox 197 3149 377 3205; x_wconf 79' lang='lat' dir='ltr'><strong>solicitudinem,</strong></span> <span class='ocrx_word' id='word_1_87' title='bbox 389 3155 413 3194; x_wconf 87' lang='lat' dir='ltr'><strong>et</strong></span> <span class='ocrx_word' id='word_1_88' title='bbox 421 3163 499 3194; x_wconf 82' lang='lat' dir='ltr'><strong>curem</strong></span> <span class='ocrx_word' id='word_1_89' title='bbox 509 3147 596 3194; x_wconf 86' lang='lat' dir='ltr'><strong>sciendi</strong></span> <span class='ocrx_word' id='word_1_90' title='bbox 605 3146 661 3207; x_wconf 88' lang='lat' dir='ltr'><strong>quid</strong></span> <span class='ocrx_word' id='word_1_91' title='bbox 685 3159 727 3192; x_wconf 89' lang='lat' dir='ltr'><strong>our</strong></span> <span class='ocrx_word' id='word_1_92' title='bbox 733 3146 841 3194; x_wconf 79' lang='lat' dir='ltr'><strong>mortales</strong></span> <span class='ocrx_word' id='word_1_93' title='bbox 846 3146 890 3194; x_wconf 89' lang='lat' dir='ltr'><strong>hoo</strong></span> <span class='ocrx_word' id='word_1_94' title='bbox 898 3154 966 3208; x_wconf 85' lang='lat' dir='ltr'><strong>puoto</strong></span> <span class='ocrx_word' id='word_1_95' title='bbox 972 3148 1120 3209; x_wconf 72' lang='lat' dir='ltr'><strong>praemonitos</strong></span> <span class='ocrx_word' id='word_1_96' title='bbox 1131 3164 1225 3196; x_wconf 87' lang='lat' dir='ltr'><strong>snorum</strong></span> 
     </span>
     <span class='ocr_line' id='line_1_20' title="bbox 122 3210 1224 3274; baseline 0.001 -14"><span class='ocrx_word' id='word_1_97' title='bbox 122 3214 355 3274; x_wconf 79' lang='lat' dir='ltr'><strong>hoeoportunderent,</strong></span> <span class='ocrx_word' id='word_1_98' title='bbox 372 3213 517 3273; x_wconf 81' lang='lat' dir='ltr'><strong>injecerunt:</strong></span> <span class='ocrx_word' id='word_1_99' title='bbox 534 3211 596 3259; x_wconf 87' lang='lat' dir='ltr'><strong>bella</strong></span> <span class='ocrx_word' id='word_1_100' title='bbox 606 3225 661 3257; x_wconf 83' lang='lat' dir='ltr'><strong>mox</strong></span> <span class='ocrx_word' id='word_1_101' title='bbox 685 3210 805 3268; x_wconf 82' lang='lat' dir='ltr'><strong>mulorum,</strong></span> <span class='ocrx_word' id='word_1_102' title='bbox 830 3217 854 3257; x_wconf 84' lang='lat' dir='ltr'><strong>et</strong></span> <span class='ocrx_word' id='word_1_103' title='bbox 872 3212 970 3259; x_wconf 85' lang='lat' dir='ltr'><strong>miseros</strong></span> <span class='ocrx_word' id='word_1_104' title='bbox 990 3227 1042 3260; x_wconf 85' lang='lat' dir='ltr'><strong>esse</strong></span> <span class='ocrx_word' id='word_1_105' title='bbox 1064 3217 1116 3260; x_wconf 84' lang='lat' dir='ltr'><strong>unte</strong></span> <span class='ocrx_word' id='word_1_106' title='bbox 1132 3218 1224 3274; x_wconf 81' lang='lat' dir='ltr'><strong>ternpus</strong></span> 
     </span>
     <span class='ocr_line' id='line_1_21' title="bbox 122 3273 917 3338; baseline -0.003 -14"><span class='ocrx_word' id='word_1_107' title='bbox 122 3293 154 3324; x_wconf 84' lang='lat' dir='ltr'><strong>ex</strong></span> <span class='ocrx_word' id='word_1_108' title='bbox 167 3278 289 3338; x_wconf 75' lang='lat' dir='ltr'><strong>aruspicis,</strong></span> <span class='ocrx_word' id='word_1_109' title='bbox 306 3278 427 3337; x_wconf 80' lang='lat' dir='ltr'><strong>astrologi,</strong></span> <span class='ocrx_word' id='word_1_110' title='bbox 444 3277 569 3324; x_wconf 84' lang='lat' dir='ltr'><strong>Phoebudis</strong></span> <span class='ocrx_word' id='word_1_111' title='bbox 580 3274 661 3322; x_wconf 81' lang='lat' dir='ltr'><strong>vatici·</strong></span> <span class='ocrx_word' id='word_1_112' title='bbox 685 3273 792 3323; x_wconf 79' lang='lat' dir='ltr'><strong>voluerit.</strong></span> <span class='ocrx_word' id='word_1_113' title='bbox 811 3273 917 3328; x_wconf 78' lang='lat' dir='ltr'><strong>Hortens.</strong></span> 
     </span>
     <span class='ocr_line' id='line_1_22' title="bbox 121 3332 1225 3404; baseline -0.002 -16"><span class='ocrx_word' id='word_1_114' title='bbox 121 3341 169 3388; x_wconf 87' lang='lat' dir='ltr'><strong>niis</strong></span> <span class='ocrx_word' id='word_1_115' title='bbox 180 3343 298 3402; x_wconf 69' lang='lat' dir='ltr'><strong>praedicta,</strong></span> <span class='ocrx_word' id='word_1_116' title='bbox 308 3343 413 3389; x_wconf 88' lang='lat' dir='ltr'><strong>timorem</strong></span> <span class='ocrx_word' id='word_1_117' title='bbox 424 3349 448 3388; x_wconf 86' lang='lat' dir='ltr'><strong>et</strong></span> <span class='ocrx_word' id='word_1_118' title='bbox 454 3340 661 3388; x_wconf 75' lang='lat' dir='ltr'><strong>consternationem</strong></span> <span class='ocrx_word' id='word_1_119' title='bbox 718 3339 743 3386; x_wconf 74' lang='lat' dir='ltr'><strong>t.</strong></span> <span class='ocrx_word' id='word_1_120' title='bbox 760 3339 811 3386; x_wconf 81' lang='lat' dir='ltr'><strong>Sive</strong></span> <span class='ocrx_word' id='word_1_121' title='bbox 820 3332 980 3401; x_wconf 67' lang='lat' dir='ltr'><strong>pereundum]</strong></span> <span class='ocrx_word' id='word_1_122' title='bbox 1008 3339 1064 3387; x_wconf 86' lang='lat' dir='ltr'><strong>Sive</strong></span> <span class='ocrx_word' id='word_1_123' title='bbox 1074 3338 1120 3404; x_wconf 83' lang='lat' dir='ltr'><strong>(ex</strong></span> <span class='ocrx_word' id='word_1_124' title='bbox 1133 3347 1225 3401; x_wconf 79' lang='lat' dir='ltr'><strong>senten·</strong></span> 
     </span>
     <span class='ocr_line' id='line_1_23' title="bbox 120 3403 1224 3467; baseline -0.003 -13"><span class='ocrx_word' id='word_1_125' title='bbox 120 3405 274 3463; x_wconf 77' lang='lat' dir='ltr'><strong>incusserant,</strong></span> <span class='ocrx_word' id='word_1_126' title='bbox 283 3407 366 3454; x_wconf 83' lang='lat' dir='ltr'><strong>Jovem</strong></span> <span class='ocrx_word' id='word_1_127' title='bbox 376 3406 455 3466; x_wconf 80' lang='lat' dir='ltr'><strong>itaque</strong></span> <span class='ocrx_word' id='word_1_128' title='bbox 466 3412 574 3466; x_wconf 83' lang='lat' dir='ltr'><strong>precetur</strong></span> <span class='ocrx_word' id='word_1_129' title='bbox 584 3411 661 3465; x_wconf 83' lang='lat' dir='ltr'><strong>poete,</strong></span> <span class='ocrx_word' id='word_1_130' title='bbox 685 3403 719 3450; x_wconf 84' lang='lat' dir='ltr'><strong>tia</strong></span> <span class='ocrx_word' id='word_1_131' title='bbox 731 3403 874 3467; x_wconf 85' lang='lat' dir='ltr'><strong>Stoicorum)</strong></span> <span class='ocrx_word' id='word_1_132' title='bbox 886 3405 963 3451; x_wconf 84' lang='lat' dir='ltr'><strong>omniu</strong></span> <span class='ocrx_word' id='word_1_133' title='bbox 977 3410 1087 3464; x_wconf 81' lang='lat' dir='ltr'><strong>regantur</strong></span> <span class='ocrx_word' id='word_1_134' title='bbox 1102 3403 1167 3450; x_wconf 79' lang='lat' dir='ltr'><strong>fatali</strong></span> <span class='ocrx_word' id='word_1_135' title='bbox 1184 3420 1224 3451; x_wconf 88' lang='lat' dir='ltr'><strong>ne·</strong></span> 
     </span>
     <span class='ocr_line' id='line_1_24' title="bbox 121 3468 1224 3530; baseline -0.001 -13"><span class='ocrx_word' id='word_1_136' title='bbox 121 3486 151 3517; x_wconf 86' lang='lat' dir='ltr'><strong>ne</strong></span> <span class='ocrx_word' id='word_1_137' title='bbox 169 3470 240 3518; x_wconf 82' lang='lat' dir='ltr'><strong>liceat</strong></span> <span class='ocrx_word' id='word_1_138' title='bbox 258 3477 333 3518; x_wconf 84' lang='lat' dir='ltr'><strong>sortes</strong></span> <span class='ocrx_word' id='word_1_139' title='bbox 350 3473 438 3518; x_wconf 81' lang='lat' dir='ltr'><strong>suturas</strong></span> <span class='ocrx_word' id='word_1_140' title='bbox 457 3469 496 3518; x_wconf 83' lang='lat' dir='ltr'><strong>vel</strong></span> <span class='ocrx_word' id='word_1_141' title='bbox 516 3487 528 3516; x_wconf 87' lang='lat' dir='ltr'><strong>e</strong></span> <span class='ocrx_word' id='word_1_142' title='bbox 547 3468 661 3529; x_wconf 86' lang='lat' dir='ltr'><strong>portentis</strong></span> <span class='ocrx_word' id='word_1_143' title='bbox 686 3468 803 3523; x_wconf 77' lang='lat' dir='ltr'><strong>cessitate,</strong></span> <span class='ocrx_word' id='word_1_144' title='bbox 814 3474 839 3514; x_wconf 88' lang='lat' dir='ltr'><strong>et</strong></span> <span class='ocrx_word' id='word_1_145' title='bbox 847 3469 947 3530; x_wconf 79' lang='lat' dir='ltr'><strong>legibus,</strong></span> <span class='ocrx_word' id='word_1_146' title='bbox 959 3483 1016 3528; x_wconf 84' lang='lat' dir='ltr'><strong>quus</strong></span> <span class='ocrx_word' id='word_1_147' title='bbox 1028 3469 1057 3514; x_wconf 86' lang='lat' dir='ltr'><strong>ub</strong></span> <span class='ocrx_word' id='word_1_148' title='bbox 1066 3469 1123 3514; x_wconf 85' lang='lat' dir='ltr'><strong>orbe</strong></span> <span class='ocrx_word' id='word_1_149' title='bbox 1130 3468 1224 3516; x_wconf 88' lang='lat' dir='ltr'><strong>condito</strong></span> 
     </span>
     <span class='ocr_line' id='line_1_25' title="bbox 120 3531 1224 3595; baseline -0.003 -13"><span class='ocrx_word' id='word_1_150' title='bbox 120 3536 225 3592; x_wconf 85' lang='lat' dir='ltr'><strong>deornm,</strong></span> <span class='ocrx_word' id='word_1_151' title='bbox 250 3535 289 3582; x_wconf 84' lang='lat' dir='ltr'><strong>vel</strong></span> <span class='ocrx_word' id='word_1_152' title='bbox 309 3534 459 3595; x_wconf 78' lang='lat' dir='ltr'><strong>epraesngiis</strong></span> <span class='ocrx_word' id='word_1_153' title='bbox 472 3533 588 3580; x_wconf 85' lang='lat' dir='ltr'><strong>hominum</strong></span> <span class='ocrx_word' id='word_1_154' title='bbox 602 3547 661 3593; x_wconf 85' lang='lat' dir='ltr'><strong>pree-</strong></span> <span class='ocrx_word' id='word_1_155' title='bbox 686 3533 765 3595; x_wconf 81' lang='lat' dir='ltr'><strong>posuit</strong></span> <span class='ocrx_word' id='word_1_156' title='bbox 784 3535 861 3590; x_wconf 84' lang='lat' dir='ltr'><strong>Deus,</strong></span> <span class='ocrx_word' id='word_1_157' title='bbox 877 3548 934 3593; x_wconf 83' lang='lat' dir='ltr'><strong>ques</strong></span> <span class='ocrx_word' id='word_1_158' title='bbox 952 3532 1025 3578; x_wconf 86' lang='lat' dir='ltr'><strong>semel</strong></span> <span class='ocrx_word' id='word_1_159' title='bbox 1040 3531 1120 3589; x_wconf 86' lang='lat' dir='ltr'><strong>jussit,</strong></span> <span class='ocrx_word' id='word_1_160' title='bbox 1139 3532 1224 3592; x_wconf 89' lang='lat' dir='ltr'><strong>quibus</strong></span> 
     </span>
     <span class='ocr_line' id='line_1_26' title="bbox 121 3594 1225 3659; baseline -0.004 -13"><span class='ocrx_word' id='word_1_161' title='bbox 121 3599 334 3659; x_wconf 85' lang='lat' dir='ltr'><strong>scire,lleriqueex</strong></span> <span class='ocrx_word' id='word_1_162' title='bbox 343 3599 419 3645; x_wconf 79' lang='lat' dir='ltr'><strong>animo</strong></span> <span class='ocrx_word' id='word_1_163' title='bbox 428 3598 521 3644; x_wconf 87' lang='lat' dir='ltr'><strong>miseris</strong></span> <span class='ocrx_word' id='word_1_164' title='bbox 528 3598 662 3658; x_wconf 76' lang='lat' dir='ltr'><strong>priusqam</strong></span> <span class='ocrx_word' id='word_1_165' title='bbox 687 3612 778 3656; x_wconf 84' lang='lat' dir='ltr'><strong>semper</strong></span> <span class='ocrx_word' id='word_1_166' title='bbox 794 3604 873 3657; x_wconf 79' lang='lat' dir='ltr'><strong>purot3</strong></span> <span class='ocrx_word' id='word_1_167' title='bbox 891 3595 949 3650; x_wconf 83' lang='lat' dir='ltr'><strong>sire,</strong></span> <span class='ocrx_word' id='word_1_168' title='bbox 968 3601 996 3641; x_wconf 87' lang='lat' dir='ltr'><strong>ut</strong></span> <span class='ocrx_word' id='word_1_169' title='bbox 1006 3594 1088 3642; x_wconf 86' lang='lat' dir='ltr'><strong>volunt</strong></span> <span class='ocrx_word' id='word_1_170' title='bbox 1102 3594 1225 3656; x_wconf 72' lang='lat' dir='ltr'><strong>Epicurei,</strong></span> 
     </span>
     <span class='ocr_line' id='line_1_27' title="bbox 120 3658 1226 3724; baseline -0.002 -14"><span class='ocrx_word' id='word_1_171' title='bbox 120 3665 192 3710; x_wconf 75' lang='lat' dir='ltr'><strong>eluto</strong></span> <span class='ocrx_word' id='word_1_172' title='bbox 202 3663 263 3710; x_wconf 83' lang='lat' dir='ltr'><strong>fiunt.</strong></span> <span class='ocrx_word' id='word_1_173' title='bbox 282 3661 327 3710; x_wconf 80' lang='lat' dir='ltr'><strong>lrae</strong></span> <span class='ocrx_word' id='word_1_174' title='bbox 336 3672 433 3724; x_wconf 79' lang='lat' dir='ltr'><strong>potuere</strong></span> <span class='ocrx_word' id='word_1_175' title='bbox 441 3662 517 3718; x_wconf 86' lang='lat' dir='ltr'><strong>deum,</strong></span> <span class='ocrx_word' id='word_1_176' title='bbox 528 3661 585 3722; x_wconf 72' lang='lat' dir='ltr'><strong>deu]</strong></span> <span class='ocrx_word' id='word_1_177' title='bbox 604 3661 661 3708; x_wconf 84' lang='lat' dir='ltr'><strong>Con·</strong></span> <span class='ocrx_word' id='word_1_178' title='bbox 686 3668 772 3707; x_wconf 88' lang='lat' dir='ltr'><strong>temere</strong></span> <span class='ocrx_word' id='word_1_179' title='bbox 794 3660 870 3707; x_wconf 81' lang='lat' dir='ltr'><strong>omnio</strong></span> <span class='ocrx_word' id='word_1_180' title='bbox 888 3666 913 3706; x_wconf 90' lang='lat' dir='ltr'><strong>et</strong></span> <span class='ocrx_word' id='word_1_181' title='bbox 931 3658 1025 3706; x_wconf 81' lang='lat' dir='ltr'><strong>casibus</strong></span> <span class='ocrx_word' id='word_1_182' title='bbox 1047 3660 1172 3718; x_wconf 66' lang='lat' dir='ltr'><strong>eveniunt,</strong></span> <span class='ocrx_word' id='word_1_183' title='bbox 1193 3659 1226 3708; x_wconf 86' lang='lat' dir='ltr'><strong>sit</strong></span> 
     </span>
     <span class='ocr_line' id='line_1_28' title="bbox 120 3723 1224 3787; baseline -0.004 -13"><span class='ocrx_word' id='word_1_184' title='bbox 120 3730 186 3774; x_wconf 81' lang='lat' dir='ltr'><strong>tineo</strong></span> <span class='ocrx_word' id='word_1_185' title='bbox 203 3727 403 3774; x_wconf 75' lang='lat' dir='ltr'><strong>cdrdeslrominom</strong></span> <span class='ocrx_word' id='word_1_186' title='bbox 421 3734 560 3787; x_wconf 71' lang='lat' dir='ltr'><strong>venturaque</strong></span> <span class='ocrx_word' id='word_1_187' title='bbox 578 3725 662 3776; x_wconf 56' lang='lat' dir='ltr'><strong>&amp;mnu</strong></span> <span class='ocrx_word' id='word_1_188' title='bbox 687 3723 771 3772; x_wconf 80' lang='lat' dir='ltr'><strong>Nescio</strong></span> <span class='ocrx_word' id='word_1_189' title='bbox 796 3738 858 3771; x_wconf 83' lang='lat' dir='ltr'><strong>meos</strong></span> <span class='ocrx_word' id='word_1_190' title='bbox 883 3723 999 3770; x_wconf 80' lang='lat' dir='ltr'><strong>hominum</strong></span> <span class='ocrx_word' id='word_1_191' title='bbox 1016 3723 1086 3786; x_wconf 76' lang='lat' dir='ltr'><strong>sati3</strong></span> <span class='ocrx_word' id='word_1_192' title='bbox 1114 3725 1224 3786; x_wconf 75' lang='lat' dir='ltr'><strong>sortisque</strong></span> 
     </span>
     <span class='ocr_line' id='line_1_29' title="bbox 119 3787 1224 3854; baseline -0.003 -16"><span class='ocrx_word' id='word_1_193' title='bbox 119 3791 235 3852; x_wconf 77' lang='lat' dir='ltr'><strong>Auspiciis</strong></span> <span class='ocrx_word' id='word_1_194' title='bbox 242 3801 339 3850; x_wconf 72' lang='lat' dir='ltr'><strong>potum</strong></span> <span class='ocrx_word' id='word_1_195' title='bbox 351 3792 427 3846; x_wconf 82' lang='lat' dir='ltr'><strong>deum,</strong></span> <span class='ocrx_word' id='word_1_196' title='bbox 444 3789 487 3836; x_wconf 79' lang='lat' dir='ltr'><strong>&amp;c</strong></span> <span class='ocrx_word' id='word_1_197' title='bbox 504 3789 636 3837; x_wconf 84' lang='lat' dir='ltr'><strong>Petronius.</strong></span> <span class='ocrx_word' id='word_1_198' title='bbox 678 3790 781 3854; x_wconf 75' lang='lat' dir='ltr'><strong>futuru.</strong></span> <span class='ocrx_word' id='word_1_199' title='bbox 814 3787 902 3835; x_wconf 75' lang='lat' dir='ltr'><strong>Statius</strong></span> <span class='ocrx_word' id='word_1_200' title='bbox 925 3787 998 3834; x_wconf 79' lang='lat' dir='ltr'><strong>Theb.</strong></span> <span class='ocrx_word' id='word_1_201' title='bbox 1020 3789 1044 3834; x_wconf 80' lang='lat'><strong>3.</strong></span> <span class='ocrx_word' id='word_1_202' title='bbox 1069 3801 1155 3848; x_wconf 76' lang='lat' dir='ltr'><strong>supere</strong></span> <span class='ocrx_word' id='word_1_203' title='bbox 1182 3803 1224 3835; x_wconf 80' lang='lat' dir='ltr'><strong>seu</strong></span> 
     </span>
    </p>

    <p class='ocr_par' dir='ltr' id='par_1_13' title="bbox 119 3850 1224 4040">
     <span class='ocr_line' id='line_1_30' title="bbox 152 3850 1224 3919; baseline -0.001 -17"><span class='ocrx_word' id='word_1_204' title='bbox 152 3859 176 3902; x_wconf 83' lang='lat'><strong>3.</strong></span> <span class='ocrx_word' id='word_1_205' title='bbox 195 3853 471 3919; x_wconf 63' lang='lat' dir='ltr'><strong>Monstrrferotumultu]</strong></span> <span class='ocrx_word' id='word_1_206' title='bbox 484 3854 531 3911; x_wconf 88' lang='lat' dir='ltr'><strong>Qui</strong></span> <span class='ocrx_word' id='word_1_207' title='bbox 539 3859 588 3900; x_wconf 87' lang='lat' dir='ltr'><strong>toto</strong></span> <span class='ocrx_word' id='word_1_208' title='bbox 593 3855 661 3909; x_wconf 88' lang='lat' dir='ltr'><strong>orbe,</strong></span> <span class='ocrx_word' id='word_1_209' title='bbox 687 3853 791 3900; x_wconf 81' lang='lat' dir='ltr'><strong>corrditor</strong></span> <span class='ocrx_word' id='word_1_210' title='bbox 801 3852 869 3908; x_wconf 80' lang='lat' dir='ltr'><strong>colu,</strong></span> <span class='ocrx_word' id='word_1_211' title='bbox 886 3850 932 3899; x_wconf 73' lang='lat' dir='ltr'><strong>&amp;n</strong></span> <span class='ocrx_word' id='word_1_212' title='bbox 945 3851 995 3899; x_wconf 74' lang='lat' dir='ltr'><strong>(lic.</strong></span> <span class='ocrx_word' id='word_1_213' title='bbox 1008 3852 1065 3898; x_wconf 81' lang='lat' dir='ltr'><strong>niv.</strong></span> <span class='ocrx_word' id='word_1_214' title='bbox 1076 3852 1224 3912; x_wconf 72' lang='lat' dir='ltr'><strong>praescientia</strong></span> 
     </span>
     <span class='ocr_line' id='line_1_31' title="bbox 119 3915 1222 3980; baseline -0.002 -14"><span class='ocrx_word' id='word_1_215' title='bbox 119 3925 154 3966; x_wconf 89' lang='lat' dir='ltr'><strong>tot</strong></span> <span class='ocrx_word' id='word_1_216' title='bbox 170 3919 285 3980; x_wconf 72' lang='lat' dir='ltr'><strong>prodigiis</strong></span> <span class='ocrx_word' id='word_1_217' title='bbox 295 3919 489 3980; x_wconf 71' lang='lat' dir='ltr'><strong>praecedentibus,</strong></span> <span class='ocrx_word' id='word_1_218' title='bbox 506 3917 584 3965; x_wconf 85' lang='lat' dir='ltr'><strong>stetim</strong></span> <span class='ocrx_word' id='word_1_219' title='bbox 596 3931 661 3978; x_wconf 83' lang='lat' dir='ltr'><strong>coor-</strong></span> <span class='ocrx_word' id='word_1_220' title='bbox 686 3918 798 3964; x_wconf 82' lang='lat' dir='ltr'><strong>malornm</strong></span> <span class='ocrx_word' id='word_1_221' title='bbox 808 3917 847 3962; x_wconf 88' lang='lat' dir='ltr'><strong>cui</strong></span> <span class='ocrx_word' id='word_1_222' title='bbox 857 3916 977 3977; x_wconf 87' lang='lat' dir='ltr'><strong>provideri</strong></span> <span class='ocrx_word' id='word_1_223' title='bbox 992 3922 1016 3962; x_wconf 87' lang='lat' dir='ltr'><strong>et</strong></span> <span class='ocrx_word' id='word_1_224' title='bbox 1026 3915 1106 3963; x_wconf 79' lang='lat' dir='ltr'><strong>caveri</strong></span> <span class='ocrx_word' id='word_1_225' title='bbox 1119 3933 1165 3964; x_wconf 92' lang='lat' dir='ltr'><strong>non</strong></span> <span class='ocrx_word' id='word_1_226' title='bbox 1179 3933 1222 3978; x_wconf 90' lang='lat' dir='ltr'><strong>po·</strong></span> 
     </span>
     <span class='ocr_line' id='line_1_32' title="bbox 119 3979 1223 4040; baseline -0.002 -10"><span class='ocrx_word' id='word_1_227' title='bbox 119 3991 158 4030; x_wconf 88' lang='lat' dir='ltr'><strong>tus</strong></span> <span class='ocrx_word' id='word_1_228' title='bbox 168 3983 222 4031; x_wconf 79' lang='lat' dir='ltr'><strong>fnit.</strong></span> <span class='ocrx_word' id='word_1_229' title='bbox 239 3981 346 4031; x_wconf 81' lang='lat' dir='ltr'><strong>Hortens.</strong></span> <span class='ocrx_word' id='word_1_230' title='bbox 687 3988 742 4036; x_wconf 84' lang='lat' dir='ltr'><strong>test,</strong></span> <span class='ocrx_word' id='word_1_231' title='bbox 760 3981 848 4028; x_wconf 85' lang='lat' dir='ltr'><strong>inutilis</strong></span> <span class='ocrx_word' id='word_1_232' title='bbox 868 3987 912 4035; x_wconf 84' lang='lat' dir='ltr'><strong>est,</strong></span> <span class='ocrx_word' id='word_1_233' title='bbox 932 3979 977 4027; x_wconf 74' lang='lat' dir='ltr'><strong>&amp;c</strong></span> <span class='ocrx_word' id='word_1_234' title='bbox 997 3980 1052 4027; x_wconf 85' lang='lat' dir='ltr'><strong>vide</strong></span> <span class='ocrx_word' id='word_1_235' title='bbox 1071 3987 1095 4040; x_wconf 82' lang='lat' dir='ltr'><strong>et</strong></span> <span class='ocrx_word' id='word_1_236' title='bbox 1111 3980 1223 4028; x_wconf 78' lang='lat' dir='ltr'><strong>dissertu-</strong></span> 
     </span>
    </p>

    <p class='ocr_par' dir='ltr' id='par_1_14' title="bbox 118 4043 1224 4366">
     <span class='ocr_line' id='line_1_33' title="bbox 150 4043 1224 4111; baseline -0.003 -16"><span class='ocrx_word' id='word_1_237' title='bbox 150 4050 175 4095; x_wconf 83' lang='lat'><strong>4.</strong></span> <span class='ocrx_word' id='word_1_238' title='bbox 193 4045 324 4109; x_wconf 69' lang='lat' dir='ltr'><strong>Indixitque</strong></span> <span class='ocrx_word' id='word_1_239' title='bbox 340 4044 424 4111; x_wconf 74' lang='lat' dir='ltr'><strong>rufat]</strong></span> <span class='ocrx_word' id='word_1_240' title='bbox 442 4047 496 4093; x_wconf 91' lang='lat' dir='ltr'><strong>Hoo</strong></span> <span class='ocrx_word' id='word_1_241' title='bbox 516 4051 560 4103; x_wconf 83' lang='lat' dir='ltr'><strong>est,</strong></span> <span class='ocrx_word' id='word_1_242' title='bbox 581 4052 663 4093; x_wconf 72' lang='lat' dir='ltr'><strong>ustura</strong></span> <span class='ocrx_word' id='word_1_243' title='bbox 686 4045 773 4093; x_wconf 85' lang='lat' dir='ltr'><strong>tionem</strong></span> <span class='ocrx_word' id='word_1_244' title='bbox 782 4044 893 4092; x_wconf 77' lang='lat' dir='ltr'><strong>Favorini</strong></span> <span class='ocrx_word' id='word_1_245' title='bbox 903 4045 1001 4106; x_wconf 81' lang='lat' dir='ltr'><strong>upudA.</strong></span> <span class='ocrx_word' id='word_1_246' title='bbox 1014 4043 1125 4101; x_wconf 85' lang='lat' dir='ltr'><strong>Gellium,</strong></span> <span class='ocrx_word' id='word_1_247' title='bbox 1132 4045 1174 4093; x_wconf 88' lang='lat' dir='ltr'><strong>lib.</strong></span> <span class='ocrx_word' id='word_1_248' title='bbox 1182 4048 1224 4094; x_wconf 83' lang='lat'><strong>14.</strong></span> 
     </span>
     <span class='ocr_line' id='line_1_34' title="bbox 119 4108 1224 4173; baseline -0.003 -14"><span class='ocrx_word' id='word_1_249' title='bbox 119 4111 219 4173; x_wconf 75' lang='lat' dir='ltr'><strong>praesoiu</strong></span> <span class='ocrx_word' id='word_1_250' title='bbox 237 4127 314 4159; x_wconf 83' lang='lat' dir='ltr'><strong>rernm</strong></span> <span class='ocrx_word' id='word_1_251' title='bbox 334 4113 469 4168; x_wconf 78' lang='lat' dir='ltr'><strong>futurarum,</strong></span> <span class='ocrx_word' id='word_1_252' title='bbox 498 4118 549 4159; x_wconf 81' lang='lat' dir='ltr'><strong>unte</strong></span> <span class='ocrx_word' id='word_1_253' title='bbox 570 4117 662 4170; x_wconf 86' lang='lat' dir='ltr'><strong>tempus</strong></span> <span class='ocrx_word' id='word_1_254' title='bbox 687 4127 738 4171; x_wconf 86' lang='lat' dir='ltr'><strong>cup.</strong></span> <span class='ocrx_word' id='word_1_255' title='bbox 750 4114 774 4157; x_wconf 84' lang='lat'><strong>1.</strong></span> <span class='ocrx_word' id='word_1_256' title='bbox 791 4112 872 4158; x_wconf 84' lang='lat' dir='ltr'><strong>Seneo.</strong></span> <span class='ocrx_word' id='word_1_257' title='bbox 892 4109 989 4170; x_wconf 79' lang='lat' dir='ltr'><strong>passim,</strong></span> <span class='ocrx_word' id='word_1_258' title='bbox 1005 4115 1030 4156; x_wconf 84' lang='lat' dir='ltr'><strong>et</strong></span> <span class='ocrx_word' id='word_1_259' title='bbox 1048 4109 1166 4158; x_wconf 85' lang='lat' dir='ltr'><strong>Boetium.</strong></span> <span class='ocrx_word' id='word_1_260' title='bbox 1184 4108 1224 4156; x_wconf 77' lang='lat' dir='ltr'><strong>Iu·</strong></span> 
     </span>
     <span class='ocr_line' id='line_1_35' title="bbox 118 4173 1224 4239; baseline -0.002 -16"><span class='ocrx_word' id='word_1_261' title='bbox 118 4175 264 4224; x_wconf 70' lang='lat' dir='ltr'><strong>denuntiavit</strong></span> <span class='ocrx_word' id='word_1_262' title='bbox 279 4176 373 4232; x_wconf 86' lang='lat' dir='ltr'><strong>bellum,</strong></span> <span class='ocrx_word' id='word_1_263' title='bbox 390 4189 436 4236; x_wconf 90' lang='lat' dir='ltr'><strong>quo</strong></span> <span class='ocrx_word' id='word_1_264' title='bbox 451 4176 567 4223; x_wconf 76' lang='lat' dir='ltr'><strong>cruciatus</strong></span> <span class='ocrx_word' id='word_1_265' title='bbox 577 4175 663 4222; x_wconf 86' lang='lat' dir='ltr'><strong>unimo-</strong></span> <span class='ocrx_word' id='word_1_266' title='bbox 685 4174 768 4234; x_wconf 71' lang='lat' dir='ltr'><strong>formio</strong></span> <span class='ocrx_word' id='word_1_267' title='bbox 778 4173 869 4239; x_wconf 72' lang='lat' dir='ltr'><strong>regem]</strong></span> <span class='ocrx_word' id='word_1_268' title='bbox 894 4173 1008 4236; x_wconf 78' lang='lat' dir='ltr'><strong>Intelligit</strong></span> <span class='ocrx_word' id='word_1_269' title='bbox 1017 4173 1096 4230; x_wconf 77' lang='lat' dir='ltr'><strong>chaos,</strong></span> <span class='ocrx_word' id='word_1_270' title='bbox 1107 4181 1132 4222; x_wconf 83' lang='lat' dir='ltr'><strong>et</strong></span> <span class='ocrx_word' id='word_1_271' title='bbox 1142 4175 1224 4223; x_wconf 79' lang='lat' dir='ltr'><strong>rudent</strong></span> 
     </span>
     <span class='ocr_line' id='line_1_36' title="bbox 118 4239 887 4299; baseline -0.004 -11"><span class='ocrx_word' id='word_1_272' title='bbox 118 4255 170 4288; x_wconf 85' lang='lat' dir='ltr'><strong>rum</strong></span> <span class='ocrx_word' id='word_1_273' title='bbox 188 4256 219 4290; x_wconf 85' lang='lat' dir='ltr'><strong>ex</strong></span> <span class='ocrx_word' id='word_1_274' title='bbox 229 4247 293 4289; x_wconf 82' lang='lat' dir='ltr'><strong>metu</strong></span> <span class='ocrx_word' id='word_1_275' title='bbox 303 4239 470 4288; x_wconf 84' lang='lat' dir='ltr'><strong>imminentium</strong></span> <span class='ocrx_word' id='word_1_276' title='bbox 488 4240 600 4288; x_wconf 83' lang='lat' dir='ltr'><strong>mulorum</strong></span> <span class='ocrx_word' id='word_1_277' title='bbox 610 4254 662 4299; x_wconf 75' lang='lat' dir='ltr'><strong>grs-</strong></span> <span class='ocrx_word' id='word_1_278' title='bbox 686 4239 750 4288; x_wconf 86' lang='lat' dir='ltr'><strong>illum</strong></span> <span class='ocrx_word' id='word_1_279' title='bbox 761 4239 887 4287; x_wconf 82' lang='lat' dir='ltr'><strong>materiem.</strong></span> 
     </span>
     <span class='ocr_line' id='line_1_37' title="bbox 119 4301 1224 4366; baseline -0.001 -15"><span class='ocrx_word' id='word_1_280' title='bbox 119 4304 171 4352; x_wconf 81' lang='lat' dir='ltr'><strong>vior</strong></span> <span class='ocrx_word' id='word_1_281' title='bbox 199 4313 261 4353; x_wconf 83' lang='lat' dir='ltr'><strong>esset</strong></span> <span class='ocrx_word' id='word_1_282' title='bbox 291 4312 316 4354; x_wconf 86' lang='lat' dir='ltr'><strong>et</strong></span> <span class='ocrx_word' id='word_1_283' title='bbox 338 4303 474 4353; x_wconf 86' lang='lat' dir='ltr'><strong>diuturnior.</strong></span> <span class='ocrx_word' id='word_1_284' title='bbox 509 4305 557 4353; x_wconf 76' lang='lat' dir='ltr'><strong>Gerr</strong></span> <span class='ocrx_word' id='word_1_285' title='bbox 582 4302 661 4366; x_wconf 66' lang='lat' dir='ltr'><strong>hum]</strong></span> <span class='ocrx_word' id='word_1_286' title='bbox 720 4310 744 4356; x_wconf 83' lang='lat'><strong>9.</strong></span> <span class='ocrx_word' id='word_1_287' title='bbox 762 4301 984 4364; x_wconf 78' lang='lat' dir='ltr'><strong>roconctu,&amp;c.]</strong></span> <span class='ocrx_word' id='word_1_288' title='bbox 1008 4302 1126 4364; x_wconf 76' lang='lat' dir='ltr'><strong>Qualegs</strong></span> <span class='ocrx_word' id='word_1_289' title='bbox 1141 4307 1224 4357; x_wconf 75' lang='lat' dir='ltr'><strong>ennete</strong></span> 
     </span>
    </p>
   </div>
   <div class='ocr_carea' id='block_1_11' title="bbox 0 0 1396 4860">
    <p class='ocr_par' dir='ltr' id='par_1_15' title="bbox 0 0 1396 4860">
     <span class='ocr_line' id='line_1_38' title="bbox 0 0 1396 4860; baseline 0 3"><span class='ocrx_word' id='word_1_290' title='bbox 0 0 1396 4860; x_wconf 95' lang='lat' dir='ltr'><strong> </strong></span> 
     </span>
    </p>
   </div>
  </div>
 </body>
</html>
