2784 4860
138 361 229 418 estus
240 353 401 436 explicuit:
413 344 777 432 una,quae·0pitergin0s
791 347 916 437 forehat,
931 351 1060 413 invadis
1076 352 1172 424 hesit,
1185 371 1244 414 me·

137 451 382 541 'rnoran'dumque⁴
393 448 518 540 posteris
532 460 642 521 exitum
658 459 751 518 dedit.
793 459 916 544 ¹Quippe
937 457 987 517 vix
1007 457 1085 517 mille
1100 459 1246 535 juvenum

140 576 254 639 manus,
265 565 439 626 circumfusi
451 564 582 642 undique
594 565 739 624 exercitus
748 585 802 644 per
816 571 913 623 totum
928 563 1006 623 diem
1018 565 1076 624 tela
1088 563 1248 634 sustinuit;

138 679 171 734 et
187 693 256 732 curn
272 673 384 732 exitum
395 672 489 730 virtus
502 691 562 730 non
577 660 709 741 haberet,
724 679 822 728 tamen
836 689 872 728 ne
885 669 915 726 in
929 668 1111 728 deditionem
1122 670 1246 740 veniret,

140 779 278 838 hortante
291 779 410 837 tribuno
420 778 542 840 Vulteio
557 777 666 836 mutuis
681 776 790 834 ictibus
807 772 881 835 inse
896 777 1056 835 concurrit.
1097 778 1133 833 In
1145 775 1246 836 Africa

140 902 262 962 quoque
273 893 367 963 paret
378 877 472 942 uirtus
484 891 515 941 et
528 873 678 940 calamitas
699 880 834 939 Curionis
846 876 916 952 fuit,
926 880 978 958 qui
993 880 1031 939 ad
1043 879 1246 959 recipiendam

139 977 321 1066 provinciam
344 988 458 1057 missus,
480 988 566 1065 pulso
580 985 742 1065 fugatoque
757 987 836 1044 Varo
859 986 922 1064 jam
939 987 1093 1064 superbus,
1116 987 1246 1047 subitum

139 1091 227 1152 Jubae
241 1093 317 1168 regis
332 1091 505 1168 adveutum,
525 1084 749 1169 equitatumque
764 1091 937 1150 Maurorum
960 1091 1104 1149 sustinere
1119 1109 1178 1174 non
1191 1069 1247 1168 poss

140 1196 209 1257 ruit.
252 1197 379 1255 Patebat
392 1197 472 1255 victo
486 1196 566 1274 fuga,
589 1195 641 1254 sed
654 1195 752 1273 pudor
766 1195 867 1266 suasit,
889 1201 923 1254 ut
936 1194 1074 1254 amissum
1089 1213 1142 1254 sua
1156 1203 1248 1254 teme·

140 1301 227 1360 ritate
251 1301 423 1372 exercitum,
447 1311 539 1359 morte
563 1309 744 1378 sequeretur.
796 1300 854 1359 Sed
877 1301 940 1378 jam
963 1299 1096 1359 debiturn
1115 1319 1171 1377 par
1188 1300 1249 1359 for·

141 1413 213 1464 tuna
227 1403 388 1483 flagitante,
405 1406 504 1464 sedem
520 1407 598 1464 hello
613 1407 769 1482 Pompeius
786 1405 900 1482 Epiron
915 1406 1052 1482 elegerat,
1074 1425 1130 1464 nec
1146 1406 1247 1466 Caesar
1350 1395 1354 1398 ”

142 1516 274 1570 moratus
283 1531 292 1580 ;
315 1511 439 1590 quippe,
456 1508 593 1570 ordinans
608 1530 627 1569 a
640 1519 722 1586 tergo
737 1510 882 1580 omnihus,
898 1510 1029 1587 quamvis
1043 1509 1136 1569 hiems
1150 1511 1246 1571 media

135 1615 313 1694 ‘prohiberet
326 1625 511 1695 tempestate,
523 1616 560 1675 ad
575 1617 687 1676 bellum
701 1615 868 1693 navigavit:
889 1615 1052 1692 positisque
1066 1615 1105 1674 ad
1121 1613 1245 1677 Oricum

141 1721 257 1792 castris,
278 1742 346 1781 cum
366 1742 434 1800 pars
450 1723 596 1782 exercitus
619 1724 659 1781 ob
681 1720 810 1798 inopiam
833 1720 947 1778 navium
969 1739 1035 1778 curn
1057 1721 1188 1780 Antonio
1203 1721 1248 1782 dt

140 1828 243 1902 missa,
266 1828 426 1886 Brundusii
441 1848 550 1887 moram
563 1827 688 1894 faceret;
710 1825 785 1894 adeo
796 1825 951 1902 impatiens
963 1833 1034 1896 erat,
1056 1833 1090 1884 ut
1100 1827 1137 1886 ad
1148 1847 1246 1888 arces·

140 1932 250 1992 sendos
265 1952 326 2002 eos,
339 1933 460 1991 ardente
474 1931 567 1992 ventis
580 1928 662 2002 mari,
684 1939 771 1989 nocte
782 1930 936 2000 concubia,
953 1930 1152 2008 speculatorio
1165 1933 1247 1991 navi-

141 2037 201 2113 gio,
216 2039 296 2097 solus
314 2037 355 2096 ire
369 2029 532 2096 teutauerit.
574 2037 679 2096 Eristat
695 2036 733 2095 ad
748 2035 895 2113 trepidum
914 2042 996 2094 tanto
1010 2035 1177 2115 discrimine
1191 2057 1246 2114 gu.

141 2137 330 2203 bernatorem
345 2163 402 2202 vox
414 2143 523 2220 ipsius:
547 2141 628 2210 Quid
646 2141 751 2201 timest
774 2142 922 2200 Caesarem
944 2122 1039 2201 vehis.
1080 2142 1246 2204 Contractis

140 2249 171 2306 iu
195 2267 286 2307 unum
314 2248 446 2324 undique
471 2247 606 2306 omnibus
632 2247 734 2325 copiis,
756 2246 918 2324 positisque
943 2248 1111 2322 cornminus,
1130 2228 1247 2330 eastris,

141 2353 259 2434 diversa
277 2362 360 2412 eraut
379 2352 488 2410 ducum
512 2352 644 2412 consilia.
687 2352 788 2411 Caesar
809 2372 865 2430 pro
887 2362 991 2411 natura
1011 2352 1106 2432 ferox,
1127 2361 1158 2411 et
1179 2374 1248 2414 con-

141 2456 281 2518 ficiendae
295 2459 338 2517 rei
352 2455 487 2534 cupidus,
507 2465 656 2516 ostentare
675 2456 779 2528 aciem,
795 2476 969 2534 provocare,
992 2457 1146 2535 lacessere,
1168 2438 1256 2520 nunc.v

142 2564 299 2623 obsidione
322 2564 512 2634 castrorum,
529 2583 596 2640 quae
618 2572 703 2622 erant
724 2562 852 2621 sedecim
875 2563 995 2620 millium
1014 2563 1093 2621 vallo
1108 2564 1247 2653 ‘obducta

140 2667 207 2743 (sed
227 2669 299 2746 quid
321 2669 366 2727 his
389 2671 510 2728 obesset
530 2667 659 2746 obsidio,
681 2667 733 2744 qui
756 2674 876 2745 patente
899 2668 972 2726 mari
997 2667 1132 2725 omnibus
1152 2670 1246 2748 copiis
1335 2653 1338 2662 .

143 2773 328 2833 abundarent
338 2774 363 2849 t)
384 2794 463 2833 nuuc
478 2771 696 2852 eripugnatione
716 2772 894 2850 Dyrrhachii
903 2772 996 2844 irrita,
1018 2777 1142 2855 (quippe
1158 2799 1246 2856 quarn

140 2878 189 2936 vel
205 2879 279 2939 situs
300 2878 558 2958 inexpugnabilem
582 2877 705 2951 faceret)
726 2877 847 2947 adhoc,
870 2877 994 2937 assiduis
1013 2880 1043 2938 in
1062 2882 1247 2964 eruptionem

143 2984 271 3042 hostium
281 2985 389 3062 praeliis
404 2989 476 3062 (quo
489 2971 619 3060 tempore
628 2981 746 3060 egregia
756 2981 848 3041 virtus
861 2984 972 3042 Scaevae
983 2987 1166 3047 centurionis
1180 2973 1250 3049 erni·

142 3087 213 3156 cuit,
235 3089 321 3165 cujus
345 3090 374 3148 in
399 3098 485 3149 scuto
510 3099 629 3148 centum
649 3097 739 3166 atque
759 3088 862 3166 viginti
887 3089 947 3147 tela
962 3090 1156 3168 sedere)‘jam
1177 3115 1248 3154 vero
1287 3116 1288 3119 ¹

141 3194 308 3273 direptione
333 3197 449 3255 urbium
475 3196 630 3266 sociarum,
653 3215 720 3254 cum
747 3194 872 3255 Oricum
894 3204 924 3254 et
949 3197 1114 3274 Gomphos,
1138 3209 1168 3258 et
1190 3201 1248 3259 alia

142 3301 266 3359 castella
273 3298 433 3360 Thessalia
446 3304 584 3359 vastaret.
613 3299 772 3378 Pompeius
784 3299 921 3359 adversus
934 3301 999 3360 haec
1010 3311 1129 3362 nectere
1141 3323 1247 3376 moras,

142 3406 328 3482 tergiversari
350 3407 445 3478 simul,
461 3416 495 3466 ut
508 3408 623 3465 hostem
638 3407 829 3466 interclusum
842 3405 976 3484 undique
990 3408 1088 3484 inopia
1103 3429 1248 3470 commea·
1302 3414 1305 3418 ’

144 3511 228 3577 tuum
253 3519 383 3583 terreret,
416 3521 507 3589 utque
531 3511 728 3571 ardentissimi
751 3511 835 3570 ducis
859 3521 1084 3571 consenesceret
1110 3514 1249 3595 impetus.

143 3616 209 3675 Nec
221 3596 332 3675 diutius
346 3616 458 3695 profuit
472 3618 543 3677 duci
563 3619 689 3676 salutare
711 3617 874 3676 consilium.
916 3616 1029 3676 Milites
1041 3617 1151 3691 otium,
1175 3621 1250 3680 socii

143 3740 266 3793 moram,
290 3724 437 3801 principes
452 3724 597 3783 ambitum
626 3723 710 3782 ducis
731 3722 933 3800 increpabant.
983 3723 1032 3781 Sic
1057 3726 1249 3802 praecipitau-

142 3826 222 3885 tihus
247 3826 325 3897 fatis,
347 3828 451 3906 proelio
480 3836 576 3886 sumta
599 3836 645 3886 est
666 3827 840 3888 Thessalia:
870 3837 901 3886 et
924 3827 1097 3905 Philippicis
1124 3830 1248 3908 campis,

143 3931 234 4001 urbis,
265 3931 388 4010 imperii,
414 3935 529 4010 generis
558 3914 758 3992 humani⁴fata
784 3933 940 3992 commissa
968 3942 1045 3992 sunt.
1086 3934 1249 4012 Nunquam

142 4036 203 4095 ullo
216 4036 284 4095 loco
297 4045 408 4096 tanturn
429 4038 532 4097 virium
559 4039 686 4116 populus
701 4039 861 4124 Romanus,
887 4038 1010 4097 tantum*
1021 4039 1172 4116 dignitatis
1192 4042 1250 4101 for-

142 4149 214 4199 tuna
234 4141 318 4201 vidit.
359 4144 506 4203 Trecenta
517 4145 642 4222 amplius
665 4142 755 4202 millia
775 4143 842 4202 hinc
865 4152 894 4202 et
909 4144 996 4215 illinc,
1013 4153 1120 4222 praeter
1141 4146 1249 4208 auxilia

143 4265 244 4326 regum
265 4255 296 4306 et
310 4254 440 4309 senatus.
480 4249 642 4328 Nunquam
657 4247 836 4307 imminentis
853 4248 946 4307 ruinae
968 4249 1167 4312 manifestiora
1182 4271 1249 4330 pro·
1284 4318 1285 4321 Ἴ

142 4350 232 4431 digia,
255 4351 326 4432 fuga
339 4353 535 4429 victimarum,
553 4353 984 4434 'examina'insignes'interdiu
997 4333 1137 4440 tenebrae.
1179 4358 1250 4418 Dux
1353 4348 1354 4352 ’
