2784 4860
415 284 418 290 ’
468 316 710 395 nuenrrr.
752 321 862 390 nra
899 322 932 396 ι.

1185 325 1250 392 507

194 492 269 558 Nec
285 492 421 558 Latium
435 496 721 565 versutaDucem
737 514 818 578 spes
833 495 901 574 ista
914 495 1057 563 fefellit
1142 482 1149 566 ζ
1185 555 1188 564 .

151 601 309 687 Namque
324 603 496 669 infelicem
511 604 736 674 Ptolemaeum
750 608 786 674 in
799 617 904 689 regna
917 609 1098 678 remissum
1188 649 1195 654 -
1242 704 1245 720 Ι

147 714 244 799 (Sive
261 716 477 798 AEgyptiacae
491 717 555 780 fuit
569 718 798 783 inconstantia
812 720 957 801 gentis.
991 754 1005 781 ι
1039 796 1043 804 .
1063 725 1076 735 “’

149 824 218 888 Seu
234 824 341 906 Regis
355 823 492 910 vitium)
507 827 686 891 confestim
702 829 830 893 oblivio
844 829 937 912 cepit

125 931 192 999 'Et
208 936 336 1019 dextrae
351 937 498 1020 fideique
515 939 627 1017 datae3
647 957 739 1002 nova
752 939 845 1002 bella
858 939 1003 1022 parabat
1134 946 1137 951 ’

115 1072 118 1080 ·
148 1046 310 1110 Consiliis
325 1048 453 1130 pravis
474 1052 509 1116 et
523 1068 585 1133 spe
599 1047 739 1111 delusus
752 1047 857 1141 inani,
891 1087 893 1093 .

149 1156 257 1239 Inque
274 1177 371 1220 suam
387 1157 556 1229 accelerat
569 1159 789 1241 properantia
802 1159 874 1242 iata
887 1159 1030 1225 ruinam.
1133 1216 1136 1222 r
1180 1217 1221 1226 .,
1290 1206 1304 1217 .

147 1267 247 1332 Etne
263 1268 428 1336 subsidiis¹
443 1273 642 1336 accrescant
656 1274 770 1334 eastra
783 1270 922 1352 marinis
961 1297 964 1302 “
1081 1296 1101 1325 τ
1211 1328 1217 1336 ,

147 1377 318 1455 Caesarea,
332 1379 532 1461 instructam
547 1377 699 1460 disponit
712 1379 749 1443 in
764 1398 905 1462 aequora
919 1380 1077 1459 classem,
1192 1438 1196 1442 .

146 1486 225 1566 Qua
239 1488 326 1552 levis
340 1488 718 1570 AEgyptodisterminat
730 1489 824 1578 unda
836 1488 1027 1563 Canobum.
1068 1496 1069 1500 ’
1134 1544 1139 1549 .
1200 1499 1233 1554 ,·
1339 1510 1340 1514 ’

145 1598 325 1680 Inceptum
339 1599 416 1663 visa
431 1603 484 1663 est
497 1599 643 1681 primum
658 1598 809 1663 Fortuna
817 1599 962 1683 juvare...

144 1707 271 1771 Incidit
284 1708 320 1770 in
335 1709 482 1773 classem
496 1708 706 1773 hanc'sociis
722 1709 835 1774 divisa
851 1709 976 1774 carinis

143 1817 292 1882 Caesaris
306 1837 375 1882 una
389 1818 484 1894 ratis,
501 1837 578 1900 quae
593 1817 715 1887 fortem
729 1817 953 1902 Euphranora
965 1819 1080 1884 vexit:

145 1927 247 1991 Hanc
263 1929 355 1991 omni
372 1927 506 1992 Phariae
522 1947 658 2010 puppes
673 1929 819 1994 stati0ne
834 1929 956 1994 solutae

143 2037 370 2102 Circumeunt.
386 2039 487 2121 periit
500 2039 648 2103 numeris
664 2059 831 2122 oppressa
845 2040 1017 2104 Triremis.
1122 2048 1125 2055 '

186 2149 316 2230 Regius
331 2151 460 2214 interea
474 2170 535 2232 per
550 2149 687 2216 Deltam
702 2148 883 2216 Exercitus
897 2149 971 2215 ibat

142 2261 336 2339 Terrestris
352 2262 544 2343 multasque
559 2261 617 2326 via
630 2260 820 2325 muniverat
834 2280 943 2326 arces.
968 2286 972 2297 ·

140 2373 164 2436 J
166 2392 221 2435 am
236 2373 318 2435 belli
331 2373 456 2436 molem
470 2372 697 2456 pulcherrima
712 2371 816 2436 Delta
829 2373 977 2450 tenebat,

144 2484 247 2547 Delta
262 2484 459 2566 AEgyptiaci
475 2484 580 2547 decus
596 2488 697 2565 atque
713 2481 889 2564 opulentia
901 2482 1014 2565 regni3
1109 2524 1112 2528 -

142 2594 209 2658 Per
224 2594 322 2677 cujus
337 2595 465 2674 virides
480 2596 616 2658 sinuato
631 2593 760 2675 gurgite
777 2611 919 2676 campos

143 2708 224 2772 Huc
239 2708 320 2770 illuc
336 2707 423 2771 ludit
438 2705 553 2783 Nilus,
568 2707 726 2789 gyrisque
741 2722 916 2768 recurrens

141 2818 243 2881 Nunc
260 2818 376 2895 ambit,
391 2825 481 2882 nunc
496 2816 672 2902 impIIcitis
686 2815 868 2879 intersecat
881 2814 982 2879 undis
1001 2876 1004 2880 .

141 2927 287 3008 Pinguia
303 2927 395 2990 culta
409 2925 493 3003 suis,
509 2932 544 2990 et
556 2927 653 3008 nigra
667 2927 752 2991 ditat
766 2945 880 3009 arena,
948 3000 950 3005 ,

142 3039 234 3101 Huic
250 3057 373 3101 nomen
387 3043 484 3101 terrae
501 3036 560 3101 dat
573 3039 685 3102 littera
700 3036 804 3100 Delta
817 3035 970 3101 triformi.

143 3148 282 3212 Oceano
298 3147 442 3212 Boreale
458 3149 547 3211 latus
563 3148 763 3222 defenditur,
778 3145 814 3208 in
829 3165 930 3228 quern

139 3258 291 3322 Infundit
306 3278 381 3321 sese
399 3264 542 3342 septeno
558 3258 686 3340 gurgite
702 3255 816 3318 Nilus.

141 3370 228 3449 Quae
244 3374 371 3432 restant
385 3369 492 3433 latera
506 3369 585 3432 inde
601 3367 681 3444 duo,
698 3367 766 3430 duo
784 3365 922 3431 brachia
937 3365 1011 3430 Nili

140 3480 269 3543 Ultima
284 3479 502 3543 constituunt.
517 3478 593 3542 haec
608 3458 695 3540 inter
708 3477 859 3552 brachia,
876 3476 1026 3559 quinque

139 3591 181 3654 In
196 3610 288 3652 mare
304 3589 490 3670 gurgitibus
506 3610 567 3672 per
582 3589 719 3652 Deltam
733 3587 880 3650 volvitur
894 3585 1014 3650 amnis.

184 3701 331 3780 Magnus
347 3701 390 3762 ab
406 3699 608 3782 AEthiopum
623 3699 754 3783 campis
771 3697 982 3780 nigrantibus
997 3697 1108 3761 amnis

138 3810 308 3884 Volvitur,
325 3815 425 3891 atque
442 3829 509 3873 uno
525 3811 624 3890 longe
641 3809 787 3889 decurrit
801 3810 836 3872 in
852 3809 951 3874 alveo
973 3814 976 3823 '

139 3920 258 4003 Usque
275 3921 318 3983 ad
334 3920 520 4002 planitiem,
538 3940 606 4003 qua
621 3921 727 4001 surgit
741 3920 892 3983 maxima
907 3917 1081 4003 Memphis

138 4031 357 4113 Pyramidum
372 4031 550 4112 aggeribus
565 4036 673 4094 totum
688 4030 859 4094 celebrata
873 4050 934 4113 per
948 4031 1076 4096 orbem.

139 4141 285 4204 Indulsit
299 4141 439 4203 nimium
454 4141 574 4204 faciles
589 4140 718 4204 telluris
734 4141 859 4224 opimae
945 4169 948 4174 ¹

138 4250 308 4314 Fertilitas
323 4250 435 4333 fruges
449 4252 591 4334 populo,
606 4251 814 4334 nimiumque
830 4251 984 4335 pcpcrcit
